2370 4276
1008 118 1075 194 rvn·

10 346 19 361 -
45 296 190 368 ltelture
212 296 310 373 alias,
334 291 410 359 alias
431 287 559 373 lutosa3
591 309 625 357 et
647 288 705 358 lias
727 290 859 378 quidem
881 286 1087 378 lim'pidississ⁸

32 466 36 481 ,
67 410 117 469 mi
132 403 253 488 passim
273 402 380 462 fontes
394 399 600 465 intercidunt
618 420 722 500 quam
735 399 970 461 amoenissima.
1012 401 1073 461 Al·-

48 508 171 571 nores
196 513 298 585 porro
326 506 556 585 montiumque
587 503 759 577 aemulos,
799 496 1073 584 eosquepartim

32 675 35 680 ,
72 599 242 672 arbonbus
265 604 466 686 frutetisque
491 608 656 681 solicitos,
692 608 815 687 partim
837 604 943 664 nudos
969 620 1001 665 et
1027 607 1072 666 la·

68 704 229 794 pidosos,¹
244 711 346 788 magis
364 713 517 773 minusve
538 706 651 766 arduos
674 706 776 768 colles
801 725 859 769 suo
880 707 960 767 haec
982 710 1073 785 sylva

69 817 147 877 sinu
167 810 418 891 complectitur,
449 811 569 890 quibus
590 809 763 872 timbrosae
781 809 836 869 vel
859 813 984 885 siccae,
1016 811 1093 871 vel·

37 911 245 997 'paludosae
270 900 474 993 respondent
501 911 755 992 profunditates.
795 912 917 992 Neque
938 911 1072 993 paludes
1117 971 1125 988 „

31 1044 39 1056 ‚
71 1014 193 1078 ibidem
223 1008 472 1090 desiderantur,
508 1030 617 1094 neque
651 1017 795 1075 vicissim
820 1015 936 1094 plagae
964 1014 1073 1075 admo·

72 1110 149 1180 'dum
175 1122 277 1179 siccae
303 1131 337 1177 et
357 1113 541 1197 lapidosae,
579 1116 649 1197 ejus
672 1118 821 1192 telluris,
858 1122 895 1177 in
919 1136 979 1197 qna
1003 1118 1073 1179 calx

28 1236 31 1243 '
69 1221 359 1307 praedominatur,
390 1214 477 1305 ¹‘dum
506 1231 620 1279 contra
649 1220 730 1281 aliae
756 1220 821 1280 levi
844 1219 916 1293 solo
946 1216 1072 1282 turlos'o
1136 1264 1139 1272 ,

70 1323 245 1406 gaudeant.
286 1322 331 1383 Et
363 1320 526 1403 quidquid
556 1312 673 1381 horlim
703 1337 752 1382 est
788 1335 969 1399 tractuum,
1011 1338 1072 1402 pro
1134 1354 1139 1371 ·

71 1429 171 1487 unius
202 1427 362 1506 cujusque
384 1425 533 1486 'telluris
566 1428 700 1503 propria
728 1425 919 1484 conditione
951 1426 1074 1513 multas

73 1528 145 1602 alit,
169 1547 289 1607 easque
309 1530 393 1588 bona
408 1547 447 1586 ex
466 1535 559 1605 parte
578 1536 730 1605 perraras
754 1525 895 1584 Florae
920 1527 1073 1584 Waree·

38 1680 43 1689 ,
71 1629 292 1708 burgensis
313 1629 464 1710 plantae,
487 1630 604 1710 quibus
626 1642 718 1689 tanto
736 1624 845 1707 major¹
857 1644 982 1689 constat
997 1639 1074 1709 pro·

51 1734 256 1816 :pagatiouis
291 1751 368 1794 suae
396 1735 576 1807 securitas,
618 1746 742 1810 quanto
776 1733 886 1791 minus
912 1734 1076 1793 l‘orestum

71 1835 180 1911 istud,
212 1835 302 1916 quod
324 1853 404 1916 sepe
432 1837 523 1895 omni
547 1853 586 1894 ex
606 1847 703 1914 parte.
725 1835 882 1911 cingente
906 1839 1080 1912 munitur,

71 1937 327 2018 frequentatur,
363 1958 471 2019 neque
491 1950 603 2013 tanto,
638 1954 673 1994 ac
687 1935 771 1995 aliae
791 1934 904 2013 sylvae
927 1918 1076 2016 undique

17 2048 21 2054 '
72 2053 299 2119 patescentes,
329 2042 515 2120 expositum
529 2044 586 2098 'est
605 2038 775 2119 periculo,
803 2056 845 2097 ne
863 2037 1074 2121 incolisxsuis

73 2140 241 2221 quantivis
256 2144 358 2219 pretii
374 2144 557 2223 spolietur,
581 2139 668 2221 quod
683 2141 799 2199 harum
819 2159 914 2220 saepe
935 2157 1076 2200 numero

73 2244 180 2306 iatum
195 2254 260 2309 est,
282 2260 367 2302 neve
383 2243 543 2322 epecude
562 2245 606 2303 ibi
624 2255 780 2322 pascente
799 2236 1001 2302 devastetur.

140 2392 283 2454 Aemula
300 2393 393 2467 huius
408 2408 457 2452 est
478 2373 916 2473 sylvalrrenbergeusis
939 2397 1078 2460 duarum

73 2489 229 2557 horarum
259 2499 366 2576 spatio
399 2493 621 2579 Herbpipoli
657 2496 770 2560 dissita
798 2496 836 2558 ad
869 2514 960 2579 eam,
992 2518 1078 2579 quse

72 2601 337 2676 Episcopiem
356 2599 401 2656 ad
415 2580 568 2666 'luderem
584 2599 693 2677 ducit,
717 2603 804 2661 viam
816 2594 981 2683 publicam
1000 2622 1078 2680 con·

73 2705 206 2784 spicue,
228 2703 341 2779 sylvae
360 2706 556 2782 porrocirca
571 2702 660 2766 vicos
679 2703 905 2773 Zelr'enseem
927 2704 1080 2762 Πυθώ.

72 2804 317 2884 bergensem.
357 2804 603 2864 matianum
635 2821 669 2866 et
702 2790 1078 2866 Waldbis'tteldrou-

72 2928 229 2965 oensem
252 2906 350 2967 simili
371 2911 469 2966 unius
492 2907 592 2968 horae
618 2929 636 2968 a
660 2907 712 2966 W
714 2910 931 2987 irceburgo
956 2910 1079 2976 distan-

74 3014 138 3086 tia,
175 3011 280 3069 cuivis
304 3009 355 3068 rei
376 3011 544 3069 botanicae
572 3011 718 3074 studioso
738 3015 888 3092 apprime
911 2990 1078 3097 commen-¹

74 3113 220 3189 dandae,
243 3131 388 3194 quasque
407 3116 460 3172 vix
478 3111 567 3173 ullus
589 3115 686 3193 hujus
705 3115 805 3174 studii
821 3126 855 3173 et
871 3114 997 3174 ordinis
1013 3118 1079 3176 nisi
1103 3170 1106 3174 .

75 3211 144 3271 levi
161 3214 314 3277 duntaxat
331 3213 414 3295 pede
435 3229 469 3274 et
484 3229 616 3276 errante
635 3217 730 3278 oculo
742 3217 830 3278 hunc
848 3236 983 3278 cursum
1003 3239 1079 3278 con·

76 3311 216 3393 lecerit,
239 3337 384 3398 unquam
401 3320 527 3378 inviset
544 3317 801 3401 relinquetque,
823 3302 905 3402 quin
928 3320 1079 3382 eruditae

76 3418 147 3496 ejus
168 3422 351 3494 curiositati
373 3420 577 3481 satisfactum
598 3420 709 3482 luerit.

52 3594 54 3598 ’
137 3571 215 3633 Non
239 3575 368 3657 'minore
393 3575 513 3647 etiam,
536 3586 632 3652 quam
653 3575 871 3654 praemissae,
895 3555 1082 3640 attentione

73 3674 171 3756 digna
188 3691 240 3759 eet
257 3693 312 3749 ea,
334 3692 428 3752 quam
448 3677 551 3738 unius
567 3674 704 3737 horulae
723 3677 941 3740 intervallum
967 3677 1019 3736 W
1021 3680 1081 3738 iir-

113 3784 353 3845 usnemu-sl.
647 3779 668 3837 b
721 3851 728 3861 .
948 3783 1080 3843 oaebur'·
