2362 4238
110 586 268 662 sperans
294 559 458 647 fidutia,
484 565 591 659 quod
609 562 784 637 tironum
804 568 944 667 magia,
970 592 1091 666 quam

110 687 273 749 eornm,
322 659 391 757 qui
416 684 607 733 summurn
631 660 672 734 in
704 665 811 735 omni
839 692 881 737 re
906 664 1092 740 botanioe

110 763 299 832 scientiae
333 759 482 856 apicem
514 760 768 859 attigerunt,'
792 768 996 835 commoda
1024 786 1089 835 te·

110 859 297 956 spiciam3
319 862 536 956 proculque
553 860 673 931 absim
693 864 742 930 ab
760 886 808 933 eo
831 862 1088 961 adrogantiae

110 982 271 1057 genere,
310 962 417 1054 quod
447 956 578 1041 novis,
609 958 638 1028 si
658 957 741 1029 Diis
762 962 915 1057 placet,
945 964 986 1031 in
1009 962 1085 1033 hac

112 1055 269 1126 scientia
291 1056 417 1144 factis,
445 1058 509 1127 vel
534 1054 765 1155 imaginariis
785 1055 1084 1155 inventionibus,

112 1154 405 1232 variationibus,
445 1178 565 1252 atque
598 1153 933 1237 innovationibus,
976 1154 1083 1249 queis

109 1252 287 1325 Summae
310 1278 440 1325 rerum
461 1256 548 1352 plus
576 1254 691 1349 sae'pa
718 1252 938 1325 detrimenti
961 1274 1082 1349 quarn
1138 1326 1141 1335 ,

107 1351 296 1422 commodi
322 1354 515 1434 adfertur,
541 1356 710 1451 gaudere
734 1354 837 1422 solet.

179 1449 343 1526 Aoerlit
365 1470 404 1520 et
423 1452 535 1540 illud,
568 1454 692 1547 quod,
729 1449 796 1547 qui
824 1447 917 1518 mihi
942 1447 985 1522 in
1003 1452 1081 1521 hoc

107 1553 303 1637 pur-riardo
329 1548 531 1644 praeierit,
570 1569 608 1619 et
635 1547 741 1642 eujus
765 1547 888 1639 veluti
911 1546 1080 1631 humeris

107 1645 281 1718 irridere
295 1648 519 1742 potuissem,
542 1650 607 1717 vel
630 1647 697 1745 qui
712 1645 820 1733 viae,
844 1669 965 1742 quam
980 1667 1079 1717 eme·

107 1745 169 1813 tiri
211 1748 416 1833 volebam,
470 1744 618 1843 aditum
674 1742 909 1844 aperuisset,
961 1742 1079 1817 fuerit

103 1868 231 1913 nonio·
259 1844 295 1925 *l
702 1848 706 1857 ’

142 2067 177 2145 *)
200 2069 312 2129 Edidit
337 2070 471 2150 quidem
497 2072 652 2133 clariss.
676 2075 732 2131 Dr
762 2071 956 2132 Lehmann
984 2070 1076 2230 plan·

183 2165 293 2213 tanrm
312 2159 399 2213 circa
416 2155 668 2233 wirceburgum
686 2168 719 2215 et
729 2157 763 2215 in
780 2156 849 2232 ejus
859 2156 976 2214 vicinia
1001 2172 1079 2233 pau·

186 2237 233 2293 cis
261 2236 424 2313 exceptio)
463 2250 578 2315 sponte
611 2238 824 2296 crescentium
855 2235 1077 2295 enumeratio·

182 2335 282 2389 nem,
315 2320 365 2374 cui
393 2317 451 2376 ille
479 2320 694 2392 primarum
727 2315 869 2375 Florae
896 2316 1077 2390 herbipo-

188 2396 306 2464 lensis
332 2398 529 2460 limarum
556 2418 676 2460 nomen
697 2401 840 2459 tribuere
866 2416 932 2458 non
952 2397 1078 2459 dubita.

192 2480 258 2545 rit,
279 2477 329 2538 sed
343 2499 380 2537 an
397 2481 601 2560 omnietiam
617 2481 688 2554 jure
700 2485 863 2560 potuerit,
882 2497 1079 2559 magnopere

191 2553 323 2619 dubium
342 2559 487 2641 reliquit.
527 2563 608 2621 Eam
626 2565 715 2621 enirn
735 2580 796 2622 nec
817 2560 988 2634 mfficere,
1017 2576 1078 2620 nec

189 2637 244 2696 vel
269 2657 357 2718 posse
378 2645 475 2702 etiam
496 2646 602 2707 omnia
628 2644 815 2721 complecti,
844 2660 926 2722 quae
949 2638 978 2700 F
986 2640 1078 2696 lora

179 2722 455 2794 particularia
484 2725 587 2790 totius
612 2725 777 2799 eujusdam
805 2721 993 2782 Provinciae
1021 2739 1076 2781 re·

182 2804 305 2880 quirit,
324 2823 397 2864 cum
413 2806 603 2884 inspicienti
628 2806 771 2884 patebit,
792 2815 864 2863 tum
882 2802 936 2861 vel
953 2801 1076 2879 leviter

184 2885 340 2962 cogitanti
360 2885 455 2947 facile
474 2890 537 2944 erit
558 2883 594 2943 ad
621 2884 869 2965 adaequandum.
907 2882 992 2944 Nam
1012 2886 1074 2941 vir

182 2965 243 3023 ilie
266 2965 307 3021 do
317 2968 517 3024 alissimus
537 2967 631 3027 brevi
645 2969 741 3027 nimie
755 2981 902 3046 tempore
915 2968 950 3024 in
961 2980 1072 3025 nostra

183 3061 326 3105 moratur
345 3052 513 3124 provincia
526 3048 740 3127 plurimarum
759 3048 912 3109 Batanico
932 3050 1071 3107 maxime

181 3142 301 3188 notatu
323 3128 490 3206 dignarum
514 3132 686 3209 regionum
706 3124 761 3189 vix
777 3128 879 3190 ullam
901 3128 963 3187 sibi
985 3130 1069 3188 noti·

182 3212 263 3268 tiam
285 3211 481 3273 conciliavit.
535 3210 608 3294 Quo
629 3214 737 3290 posito
756 3212 790 3272 iu
811 3206 982 3305 propatulo
1000 3224 1068 3286 est,

184 3309 261 3349 eum
280 3295 370 3351 omni
384 3295 484 3355 etiam
501 3295 690 3371 sagacitate,
709 3310 774 3353 non
791 3289 894 3355 dream
917 3289 1070 3350 Floram

177 3377 359 3447 patriam
380 3374 580 3453 perfectam,
613 3373 668 3434 sed
693 3392 735 3437 ne
760 3372 908 3448 primae
938 3374 1070 3455 quidem

182 3457 254 3530 ejus
276 3454 400 3511 linear
421 3455 583 3520 elaborare
596 3457 749 3536 potuisse²
789 3454 877 3519 Hinc
891 3468 959 3527 est,
981 3453 1070 3537 quod

182 3538 217 3593 in
235 3534 291 3595 illa
308 3538 552 3599 enumeratione
570 3535 738 3616 perplures
761 3532 886 3618 plantat
900 3538 1071 3619 indigenae

181 3617 354 3681 observatu
377 3618 576 3697 dignissimas
595 3616 836 3697 derideremur3
874 3619 952 3681 hinc
973 3620 1072 3679 omia·
1123 3646 1127 3657 ,

184 3698 287 3760 aiones
309 3698 493 3780 plantarum
507 3704 543 3759 in
562 3697 628 3763 illie
646 3702 744 3763 etiam
758 3704 967 3785 regionibus,
991 3718 1069 3782 quaa

187 3777 231 3837 cl.
251 3780 410 3840 Autltar
430 3781 495 3856 (uti
510 3796 549 3843 ex
570 3780 648 3843 lacit
669 3784 706 3841 ab
727 3802 767 3849 ea
784 3786 897 3853 -citatia
920 3779 1068 3863 adparet)

183 3864 358 3933 certissime
371 3864 505 3931 invisit,
524 3864 622 3931 nimie
632 3862 873 3945 frequentium
892 3862 970 3927 hinc
983 3863 1068 3949 quod

180 3940 479 4025 frequenteseubin
491 3954 641 4024 tanquam
650 3965 752 4026 carae,
773 3959 1067 4092 etrarrrtanqpram

991 4038 995 4048 .
1030 4047 1068 4092 e·
