2362 4238
101 209 141 277 54
446 187 728 256 musitanam

104 359 272 429 describit,
301 359 346 414 ita
368 359 541 426 convenit,
570 368 626 431 ut,
654 371 755 413 unam
782 350 987 432 eandemque
1002 368 1068 412 ‘cum

105 460 164 519 hac
179 477 247 517 esse
263 475 327 515 non
343 455 483 534 amplius
501 453 656 539 dubitem.

187 617 297 676 Plures
311 631 481 695 praeterea
496 615 598 675 adhuc
609 615 688 674 aliae
699 615 797 690 hujus
810 610 940 692 generis
952 613 1063 693 plantae

109 723 144 778 in
164 718 350 796 regionibus
368 718 487 778 nostris
506 717 722 795 proveniunt,
743 727 778 774 et
796 713 930 792 quidem
945 714 1062 771 maxime

111 817 271 876 dubiosae.
312 818 407 895 Notis
423 819 579 877 nimirum
595 819 774 874 instructae
789 827 867 873 sunt
886 816 990 872 minus
1001 831 1062 870 con·

112 918 282 990 stantibus,
303 933 357 977 aut
373 919 417 978 ita
431 920 519 977 inte-r
535 936 568 977 se
582 916 763 989 confluunt,
784 927 825 972 ut
843 915 974 971 minime
987 909 1062 970 facile

113 1019 278 1094 explorare
294 1022 415 1096 possis,
437 1038 475 1078 an
490 1006 694 1097 sint'species
707 1034 827 1074 revera
845 1013 1003 1072 distinctae
1017 1024 1060 1070 aut

113 1105 287 1180 varietates
299 1119 477 1180 mutabiles.
522 1119 607 1178 Hine
619 1115 714 1175 avide
733 1129 952 1193 exspectamus
961 1113 1011 1173 Ill.
1023 1114 1059 1169 D.

115 1218 215 1274 Nece
244 1219 289 1276 ab
309 1219 519 1292 Esenbeck,
545 1219 728 1297 plantarum
760 1207 934 1276 acutissimi
950 1213 1058 1286 indaga·

116 1321 223 1391 toris,
274 1319 521 1377 Mancharum
561 1319 848 1398 monographiam,
891 1334 951 1396 qua
984 1313 1058 1372 dubia

116 1405 265 1496 prefecto
283 1419 535 1501 dissipabuntur.

199 1705 395 1762 Belonc'ca
416 1703 666 1780 officinalis.
689 1703 786 1768 (Flor.
802 1695 1061 1776 wirceb.II.p.35.)

198 1843 330 1904 Plantae
358 1845 451 1922 hujus
472 1846 507 1903 in
525 1840 692 1922 provincia
712 1858 825 1904 nostra
856 1843 1062 1922 vulgatissimae

121 1947 330 2004 varietatem:
356 1946 474 2002 corollis
494 1948 590 2002 niveis
610 1946 645 2002 in
666 1944 762 2020 sylva
781 1945 919 2006 kistensi
940 1942 1063 2002 invenire

122 2059 227 2126 potes.

208 2286 373 2362 Thymus
395 2288 626 2366 Serpyllum.
669 2288 767 2362 (Ibid.
784 2310 823 2364 p.
841 2287 906 2369 46.)

207 2411 353 2470 Varietas
374 2411 495 2467 corollis
519 2409 597 2466 albis
618 2413 655 2468 in
682 2423 797 2470 monte
818 2410 1073 2486 Hclzberg'prope

125 2509 350 2569 Bacchofsheim
361 2523 393 2570 et
407 2513 442 2569 in
453 2510 565 2569 multis
579 2509 650 2570 aliis
664 2509 810 2567 Rhoeteae
824 2513 1004 2592 regionibus
1016 2523 1074 2587 pet·

127 2630 222 2691 saepe
244 2615 397 2671 occurrit.

143 2943 146 2948 ι
209 2853 550 2930 Dracoceplcalum
571 2853 853 2933 Ruyschyana.
888 2848 1078 2931 (litanti)

208 2977 334 3037 Crescit
344 2996 474 3057 quoque
485 2995 556 3036 rara
570 2975 648 3034 haec
660 2976 774 3055 planta
788 2977 826 3036 in
834 2978 958 3057 foresto
970 2974 1079 3055 grassen-

128 3073 354 3152 langhemc'ensc'.

442 3228 797 3246 m

209 3315 234 3365 ³3³·
253 3319 445 3376 Prunella
465 3319 668 3375 laciniam
688 3320 780 3383 foliis
798 3325 878 3384 imis
888 3316 1082 3382 ovato-oblon-

128 3421 177 3496 gis
194 3420 376 3499 petiolatis,
398 3421 559 3500 supremis
574 3435 594 3495 4
609 3419 800 3485 lanceolatis
816 3421 1043 3506 semipinnau's.

209 3541 310 3620 (Jacq,
332 3540 419 3617 Flur.
442 3553 539 3615 austr.
561 3554 586 3601 t.
607 3541 695 3621 378.)
715 3580 718 3585 ·

1000 3701 1050 3758 Pe·
