2362 4238
16 167 60 210 XX

18 295 188 403 tumihihi
202 294 401 391 propalando
419 302 664 393 patefacerent,
687 301 805 394 quibus
822 312 910 376 isios'
922 301 1018 397 piae·
1049 361 1051 364 a

17 421 129 480 tarum
148 415 320 476 thesauros
336 413 522 474 reconditos
537 428 606 474 'esse
631 413 872 476 adseverabant.
914 406 1017 503 Quid·

19 518 102 603 quid
126 519 190 593 sit,
212 535 274 578 nec
291 513 409 575 laboris
434 517 500 576 mei
520 525 582 577 nec
607 517 691 575 aeris
716 522 842 593 eamin
862 537 936 578 rem
963 520 1017 580 ex:

17 624 116 704 pensi
130 639 297 700 nunquam
314 603 367 684 me
385 620 572 696 poenituit,
602 630 704 702 quum
720 621 897 711 utriusque
917 635 1016 702 prae*

19 729 126 787 miut'n
141 730 310 803 nunquam
325 741 393 781 non
403 723 646 808 exspectatione
662 730 735 780 mea
747 725 849 801 majus
867 735 1017 805 reporta·

17 849 112 906 rem,
134 822 327 908 quumque,
350 823 435 904 quod
456 821 558 901 majus
579 828 645 899 est',
667 826 803 903 praeter
825 827 1017 908 plantasii.

15 936 63 995 las
79 931 266 1014 principes,
298 933 408 986 ear'utn
429 921 562 1004 quidem
583 927 761 986 mulierum
785 933 1014 992 aestimatione

16 1033 119 1107 tales,
140 1027 282 1109 aliarum
296 1039 414 1102 ettam,
437 1040 516 1107 quas
535 1028 612 1088 illae
626 1029 764 1089 levioris
780 1048 849 1094 esse
865 1040 1014 1093 inoman-
1059 1030 1062 1037 '

15 1140 44 1198 ti
70 1132 298 1205 autumabant,
343 1147 548 1210 quarumque
574 1134 689 1191 raritas
716 1132 800 1192 mihi
824 1113 1014 1212 nota‘fu‘i't,

17 1220 112 1318 copia
133 1222 216 1295 mihi
237 1235 281 1293 sit
298 1225 398 1304 facia,
427 1237 465 1290 e'o
489 1233 613 1311 majore
628 1253 702 1294 meo
722 1237 917 1317 compendio
934 1251 1012 1319 gau·
1046 1259 1048 1262 ’

17 1340 158 1422 diuque,
197 1348 262 1418 qu'o
286 1333 554 1412 cer'tius'plantas
583 1333 772 1414 hujusmodi
794 1338 934 1400 rariores
965 1338 1012 1402 ibi

14 1442 103 1504 haud
120 1438 343 1522 quaesiturus,
366 1451 400 1496 et
414 1435 562 1499 fortassis
581 1437 657 1500 alias
670 1443 1015 1520 nunquaminventua·

14 1545 73 1608 rus
99 1525 245 1603 fuissem.
288 1539 478 1600 Generatim
491 1535 628 1619 'plantae
650 1545 822 1622 perrarae,
851 1561 932 1626 quas
950 1545 1013 1606 hoe

14 1649 177 1711 forestum
195 1647 271 1703 sitiu
294 1647 361 1740 s'uo'
372 1644 497 1714 nutrit,
517 1641 569 1703 rei
589 1641 759 1704 herbariae
778 1649 895 1726 peritis
921 1661 1011 1727 maga

14 1761 95 1811 num
116 1751 153 1807 in
178 1741 312 1806 'moduni
331 1760 365 1806 se
386 1742 632 1821 commendant,
662 1751 939 1831 optaverimque,
973 1763 1012 1811 'ut‘

15 1859 131 1914 earum
146 1850 257 1910 nutrix
273 1846 353 1908 haec
374 1845 475 1920 Sylva
497 1863 515 1905 a
529 1848 610 1907 ‘viris
626 1846 722 1927 hujus
737 1848 863 1914 ordinis
880 1854 1011 1916 creber*

12 1961 98 2018 rime
117 1956 365 2035 frequenteturt

76 2130 186 2218 sylvis
205 2138 307 2220 porro
328 2126 458 2196 'ratione
482 2140 533 2197 rei
553 2120 722 2196 herbariae
745 2137 862 2221 notatu
883 2130 1010 2222 dignis-

12 2239 376 2310 sitnisadnume'randae
390 2253 468 2326 seint
486 2237 579 2314 duae,
602 2256 741 2319 quarum
752 2260 816 2301 una
832 2242 890 2303 der
911 2245 1027 2301 Ron-⁴
1057 2234 1060 2253 '

10 2357 102 2428 geri,
133 2345 233 2406 altera
258 2344 311 2403 das
334 2359 403 2422 gro
404 2343 456 2429 βο
477 2342 580 2398 Holz
604 2342 840 2421 compellatur,
866 2359 1006 2429 utraque

12 2465 118 2534 prope
132 2458 255 2530 pagum
275 2447 318 2503 M
321 2445 600 2517 rihlhusanum,
624 2455 688 2524 quo
703 2445 839 2508 duarum
852 2447 1019 2509 horarum

11 2561 68 2614 via
91 2555 128 2613 ab
152 2554 233 2611 urbe
260 2552 410 2629 principe
434 2551 664 2627 pertingimus
704 2548 836 2609 inillis
866 2551 1009 2622 (etenim

12 2659 108 2738 regni
134 2655 277 2713 herbarii
304 2650 428 2710 divitiis
454 2649 633 2725 abundant)
656 2653 796 2731 iusignia
818 2652 1008 2730 plantarum

12 2760 344 2841 phaenogamiearum
365 2757 399 2810 e't
426 2756 745 2832 cryptogatniearum
776 2759 892 2835 copia,
929 2758 1009 2820 alias

13 2861 99 2923 haud
113 2862 157 2918 ita
174 2856 403 2935 frequentium
425 2853 695 2932 deprehenditur.
737 2856 834 2940 Quod
859 2861 940 2918 vero
959 2853 1008 2920 at}
1033 2910 1037 2923 .

12 2960 198 3026 tentionem
222 2971 368 3018 nostram
391 2971 546 3044 provocat
574 2960 753 3037 praecipue
779 2960 907 3040 sibique
936 2965 1007 3021 vias

12 3066 116 3140 dicat,
147 3060 363 3142 Cyp‘ra'pedium
392 3059 548 3146 Culeeolur
569 3073 638 3136 est,
672 3062 763 3132 'cujus
781 3075 846 3121 tam
869 3061 948 3124 laeti
974 3077 1008 3125 et

11 3167 199 3248 frequentis
221 3167 257 3222 in
273 3161 344 3223 aliis
367 3164 557 3242 regionibus
579 3162 669 3221 floris
694 3165 833 3243 vestigia
852 3164 938 3224 haud
961 3167 1008 3227 fad

11 3270 75 3332 eile
92 3270 313 3328 inveniemus.
354 3265 520 3325 Universa
541 3268 649 3338 enim,
673 3264 712 3325 de
733 3270 797 3348 qu'a
818 3265 1006 3347 loquimur,

10 3372 182 3452 sylvestris
208 3369 301 3446 regio
321 3367 421 3426 hocce
448 3375 639 3425 ornamento
663 3379 771 3428 tractu
794 3372 950 3430 continuo
973 3381 1006 3433 et

9 3478 64 3536 vix
86 3475 214 3553 uspiam
233 3474 422 3548 interrupto
448 3472 654 3548 superbiret,
690 3473 726 3529 ni
746 3472 948 3532 rusticorum
966 3475 1006 3534 li·

8 3580 77 3638 heri
97 3596 114 3636 e
131 3577 254 3634 vicinia
265 3559 388 3653 ¹plenos
404 3572 520 3631 florum
535 3575 674 3641 istorum
690 3576 852 3634 nitore-et
875 3577 1007 3656 elegan⁶

8 3679 52 3743 tia
66 3698 100 3741 se
117 3674 419 3741 commendantium
440 3677 552 3738 corbes
574 3672 648 3734 inde
667 3689 892 3755 asportarent,
924 3698 1006 3759 quos

938 3799 1005 3841 stn-
