2362 4238
96 222 143 290 he
402 215 792 280 TETRADYNAMIA.

106 386 263 461 cespitem
275 393 439 461 congesta,
459 382 495 438 in
511 379 671 458 petiolum
689 378 917 455 decurrentia,
937 383 1054 442 sinuato·
1080 457 1082 462 ,

104 486 287 569 runcinata,
306 484 466 556 segmentis
487 494 521 539 et
539 478 679 554 apicibus
696 482 821 540 obtusis
839 483 981 560 integris,
997 484 1053 540 snb-

106 600 257 656 carnosn,
278 581 398 659 glabra,
420 583 553 640 obscure
567 579 695 642 viridia.
735 581 867 638 Raeemi
883 581 1052 662 longitudine
1097 584 1100 639 ἐ

108 681 249 742 caulium
274 692 328 736 aut
350 700 404 741 eos
424 691 632 761 superantes,
654 682 739 756 laxi,
767 683 911 742 flexuosi.
958 681 1052 759 Calyce
1097 647 1100 737 l

110 781 228 862 glabri,
249 782 468 863 subpetentes.
511 782 623 866 Petale
644 782 754 857 calyce
781 783 992 866 sublongiora,
1016 783 1052 838 in·
1097 766 1100 836 ἰ

100 886 305 960 regmina,
324 882 444 962 pallide
457 884 554 942 lutea.
596 879 734 961 Siliquae
746 872 1024 963 erecto-petentes.
1098 879 1100 932 ἶ

192 1043 269 1106 Sine
288 1043 384 1104 dubio
402 1043 479 1104 haec
496 1059 529 1104 et
544 1044 736 1106 antecedens
755 1046 983 1106 rectificatione
992 1061 1054 1124 qua·

98 1144 192 1213 *dani
208 1145 306 1205 adhuc
331 1145 488 1224 indigent.
530 1146 623 1206 Hanc
645 1146 762 1207 saltem
789 1147 904 1206 faciem
930 1145 1055 1224 praebent
1098 1176 1100 1221 3

115 1249 292 1326 specimina
321 1247 357 1306 ab
385 1249 608 1306 amicissim.
637 1247 714 1324 def.
742 1247 916 1305 Wibelio
937 1249 968 1306 in
991 1245 1052 1304 locis

112 1349 275 1431 'natalibus
296 1347 431 1408 collecta
458 1347 602 1426 mihique
624 1336 883 1422 communicata,¹
908 1363 1054 1428 quaecum

116 1451 236 1508 nostris
262 1453 394 1508 omnino
418 1450 629 1510 conveniunt.
679 1448 802 1507 Earum
832 1450 953 1509 cultura
975 1445 1054 1505 denuo
1097 1456 1100 1551 p

21 1629 24 1635 .
116 1567 174 1608 nos
195 1549 390 1609 informabit.

115 1752 118 1758 .
200 1710 795 1792 Sisymbriumstrie'tiseimum.
845 1682 1100 1788 (Flor.wirceb.]

116 1809 149 1894 s·
172 1816 258 1894 105·)

202 1978 239 2038 In
249 1977 318 2037 aliis
334 1997 433 2054 porro
453 1975 640 2054 regionibus
659 1973 845 2054 etquidem
861 1995 922 2034 non
935 1973 1062 2033 adestare

121 2081 254 2154 erescit,
285 2097 313 2137 e.
330 2097 380 2158 gr.
402 2081 438 2136 in
453 2077 545 2153 sylva
564 2075 601 2134 ad
617 2073 791 2153 Hajsloeb,
819 2095 919 2156 prope
938 2073 1066 2131 Schmin·

113 2183 208 2260 furt,
226 2180 377 2260 alibique.

201 2339 313 2398 Variae
328 2355 400 2396 raro
415 2334 504 2410 soliis
520 2332 727 2408 subintegris.

435 2482 792 2498 ,ιιι-*-

206 2611 232 2662 δ’»
258 2610 435 2672 Tauricis
456 2605 620 2661 stricta.

207 2766 301 2824 Hanc
315 2775 441 2839 quoque
458 2755 602 2834 plantam
619 2749 653 2806 in
670 2749 845 2826 provincia
857 2765 963 2811 nostra
979 2761 1009 2808 et
1020 2748 1079 2827 qui·

132 2874 204 2933 dem
222 2882 324 2945 prope
341 2855 546 2932 Schweinsurt
562 2851 728 2918 habitare,
751 2867 806 2909 me
829 2853 995 2911 certiorem
1013 2848 1078 2907 iecit

131 2969 322 3030 celeberr.
344 2962 388 3019 D.
412 2953 557 3030 Weiss.
580 2945 781 3009 Deficiente
806 2970 887 3011 vero
910 2962 1079 3032 spontaneae

125 3070 328 3154 specimine,
347 3058 468 3139 speciei
483 3051 708 3114 differentiam
730 3069 837 3131 aeque
862 3071 897 3114 ac
921 3049 1081 3128 descriptio·

121 3193 207 3236 nem
222 3163 360 3229 ommisi.
419 3211 421 3214 ψ
