<?xml version="1.0" encoding="UTF-8"?>
<!DOCTYPE html PUBLIC "-//W3C//DTD XHTML 1.0 Transitional//EN"
    "http://www.w3.org/TR/xhtml1/DTD/xhtml1-transitional.dtd">
<html xmlns="http://www.w3.org/1999/xhtml" xml:lang="en" lang="en">
 <head>
  <title>
</title>
<meta http-equiv="Content-Type" content="text/html;charset=utf-8" />
  <meta name='ocr-system' content='tesseract 3.04.00' />
  <meta name='ocr-capabilities' content='ocr_page ocr_carea ocr_par ocr_line ocrx_word'/>
</head>
<body>
  <div class='ocr_page' id='page_1' title='image "./florawirceburge00hellgoog/florawirceburge00hellgoog_1032.png"; bbox 0 0 2370 4276; ppageno 0'>
   <div class='ocr_carea' id='block_1_1' title="bbox 99 114 892 368">
    <p class='ocr_par' dir='ltr' id='par_1_1' title="bbox 99 114 892 368">
     <span class='ocr_line' id='line_1_1' title="bbox 99 114 892 216; baseline -0.009 -15"><span class='ocrx_word' id='word_1_1' title='bbox 99 133 159 201; x_wconf 82' lang='lat'>266</span> <span class='ocrx_word' id='word_1_2' title='bbox 303 124 586 192; x_wconf 78' lang='lat' dir='ltr'>SYNGEN&#39;ESIA</span> <span class='ocrx_word' id='word_1_3' title='bbox 596 173 605 203; x_wconf 96' lang='lat'>,</span> <span class='ocrx_word' id='word_1_4' title='bbox 648 114 892 216; x_wconf 58' lang='lat' dir='ltr'><strong>A&#39;EQUALIS</strong></span> 
     </span>
     <span class='ocr_line' id='line_1_2' title="bbox 100 289 657 368; baseline -0.014 -11"><span class='ocrx_word' id='word_1_5' title='bbox 100 296 236 358; x_wconf 68' lang='lat' dir='ltr'>Person.</span> <span class='ocrx_word' id='word_1_6' title='bbox 259 294 346 356; x_wconf 74' lang='lat' dir='ltr'>Flor.</span> <span class='ocrx_word' id='word_1_7' title='bbox 366 289 657 368; x_wconf 79' lang='lat' dir='ltr'>lulio-Septembri.</span> 
     </span>
    </p>
   </div>
   <div class='ocr_carea' id='block_1_2' title="bbox 163 434 824 513">
    <p class='ocr_par' dir='ltr' id='par_1_2' title="bbox 163 434 824 513">
     <span class='ocr_line' id='line_1_3' title="bbox 163 434 824 513; baseline 0 -14"><span class='ocrx_word' id='word_1_8' title='bbox 163 439 264 501; x_wconf 77' lang='lat' dir='ltr'>Halo.</span> <span class='ocrx_word' id='word_1_9' title='bbox 292 454 373 493; x_wconf 85' lang='lat' dir='ltr'>eum</span> <span class='ocrx_word' id='word_1_10' title='bbox 389 437 546 513; x_wconf 83' lang='lat' dir='ltr'><em>priori,</em></span> <span class='ocrx_word' id='word_1_11' title='bbox 574 434 645 493; x_wconf 82' lang='lat' dir='ltr'>ard</span> <span class='ocrx_word' id='word_1_12' title='bbox 670 438 824 499; x_wconf 83' lang='lat' dir='ltr'>rarius.</span> 
     </span>
    </p>
   </div>
   <div class='ocr_carea' id='block_1_3' title="bbox 96 588 1083 1284">
    <p class='ocr_par' dir='ltr' id='par_1_3' title="bbox 96 588 1083 1284">
     <span class='ocr_line' id='line_1_4' title="bbox 165 588 1074 674; baseline -0.007 -17"><span class='ocrx_word' id='word_1_13' title='bbox 165 594 199 657; x_wconf 79' lang='lat' dir='ltr'><strong>A</strong></span> <span class='ocrx_word' id='word_1_14' title='bbox 216 588 459 674; x_wconf 83' lang='lat' dir='ltr'>praecedente:</span> <span class='ocrx_word' id='word_1_15' title='bbox 497 588 585 647; x_wconf 82' lang='lat' dir='ltr'>eorde</span> <span class='ocrx_word' id='word_1_16' title='bbox 617 591 787 671; x_wconf 85' lang='lat' dir='ltr'><strong>imprimis</strong></span> <span class='ocrx_word' id='word_1_17' title='bbox 827 590 983 653; x_wconf 85' lang='lat' dir='ltr'>diametro</span> <span class='ocrx_word' id='word_1_18' title='bbox 1007 589 1074 651; x_wconf 76' lang='lat' dir='ltr'>llorit</span> 
     </span>
     <span class='ocr_line' id='line_1_5' title="bbox 104 692 1076 775; baseline -0.007 -15"><span class='ocrx_word' id='word_1_19' title='bbox 104 697 211 760; x_wconf 89' lang='lat' dir='ltr'>multo</span> <span class='ocrx_word' id='word_1_20' title='bbox 228 696 381 774; x_wconf 85' lang='lat' dir='ltr'>longiore</span> <span class='ocrx_word' id='word_1_21' title='bbox 402 692 566 773; x_wconf 87' lang='lat' dir='ltr'>(palmari,</span> <span class='ocrx_word' id='word_1_22' title='bbox 584 693 787 775; x_wconf 87' lang='lat' dir='ltr'>spithamaeo</span> <span class='ocrx_word' id='word_1_23' title='bbox 806 709 841 755; x_wconf 90' lang='lat' dir='ltr'>et</span> <span class='ocrx_word' id='word_1_24' title='bbox 859 694 989 771; x_wconf 79' lang='lat' dir='ltr'>altiore)</span> <span class='ocrx_word' id='word_1_25' title='bbox 1003 712 1076 753; x_wconf 89' lang='lat' dir='ltr'>erec·</span> 
     </span>
     <span class='ocr_line' id='line_1_6' title="bbox 105 793 1078 877; baseline -0.006 -16"><span class='ocrx_word' id='word_1_26' title='bbox 105 814 141 861; x_wconf 92' lang='lat' dir='ltr'>to</span> <span class='ocrx_word' id='word_1_27' title='bbox 159 818 183 859; x_wconf 92' lang='lat' dir='ltr'>s.</span> <span class='ocrx_word' id='word_1_28' title='bbox 201 796 419 857; x_wconf 85' lang='lat' dir='ltr'>decumbente</span> <span class='ocrx_word' id='word_1_29' title='bbox 430 795 549 856; x_wconf 83' lang='lat' dir='ltr'>lolioso</span> <span class='ocrx_word' id='word_1_30' title='bbox 563 794 676 874; x_wconf 88' lang='lat' dir='ltr'>glabro</span> <span class='ocrx_word' id='word_1_31' title='bbox 693 795 897 877; x_wconf 86' lang='lat' dir='ltr'>plerumque</span> <span class='ocrx_word' id='word_1_32' title='bbox 910 793 1078 867; x_wconf 83' lang='lat' dir='ltr'>rubicundo,</span> 
     </span>
     <span class='ocr_line' id='line_1_7' title="bbox 96 896 1079 980; baseline -0.001 -22"><span class='ocrx_word' id='word_1_33' title='bbox 96 900 195 980; x_wconf 83' lang='lat' dir='ltr'>soliis</span> <span class='ocrx_word' id='word_1_34' title='bbox 221 897 428 977; x_wconf 83' lang='lat' dir='ltr'>longioribus</span> <span class='ocrx_word' id='word_1_35' title='bbox 450 896 685 977; x_wconf 77' lang='lat' dir='ltr'>amplioribus:</span> <span class='ocrx_word' id='word_1_36' title='bbox 716 896 915 956; x_wconf 80' lang='lat' dir='ltr'>radicalibus</span> <span class='ocrx_word' id='word_1_37' title='bbox 933 897 1079 959; x_wconf 78' lang='lat' dir='ltr'>evidenter</span> 
     </span>
     <span class='ocr_line' id='line_1_8' title="bbox 106 996 1082 1085; baseline -0.007 -24"><span class='ocrx_word' id='word_1_38' title='bbox 106 1000 293 1085; x_wconf 89' lang='lat' dir='ltr'>petiolatis,</span> <span class='ocrx_word' id='word_1_39' title='bbox 315 999 448 1056; x_wconf 79' lang='lat' dir='ltr'>caulinis</span> <span class='ocrx_word' id='word_1_40' title='bbox 472 996 607 1059; x_wconf 83' lang='lat' dir='ltr'>alternis</span> <span class='ocrx_word' id='word_1_41' title='bbox 627 999 790 1077; x_wconf 86' lang='lat' dir='ltr'>utrinque</span> <span class='ocrx_word' id='word_1_42' title='bbox 814 1000 996 1071; x_wconf 88' lang='lat' dir='ltr'>viridibus,</span> <span class='ocrx_word' id='word_1_43' title='bbox 1014 1002 1082 1055; x_wconf 75' lang='lat' dir='ltr'>irro-</span> 
     </span>
     <span class='ocr_line' id='line_1_9' title="bbox 107 1096 1083 1180; baseline -0.002 -16"><span class='ocrx_word' id='word_1_44' title='bbox 107 1105 202 1164; x_wconf 84' lang='lat' dir='ltr'>lucris</span> <span class='ocrx_word' id='word_1_45' title='bbox 222 1123 247 1163; x_wconf 89' lang='lat' dir='ltr'>s.</span> <span class='ocrx_word' id='word_1_46' title='bbox 259 1099 375 1180; x_wconf 76' lang='lat' dir='ltr'>phyllis</span> <span class='ocrx_word' id='word_1_47' title='bbox 391 1097 592 1157; x_wconf 73' lang='lat' dir='ltr'>exterioribus</span> <span class='ocrx_word' id='word_1_48' title='bbox 610 1116 746 1177; x_wconf 86' lang='lat' dir='ltr'>semper</span> <span class='ocrx_word' id='word_1_49' title='bbox 765 1100 871 1162; x_wconf 81' lang='lat' dir='ltr'>fuscis</span> <span class='ocrx_word' id='word_1_50' title='bbox 885 1115 921 1162; x_wconf 89' lang='lat' dir='ltr'>et</span> <span class='ocrx_word' id='word_1_51' title='bbox 929 1100 1013 1176; x_wconf 70' lang='lat' dir='ltr'>flou</span> <span class='ocrx_word' id='word_1_52' title='bbox 1029 1096 1083 1179; x_wconf 75' lang='lat' dir='ltr'>Ple·</span> 
     </span>
     <span class='ocr_line' id='line_1_10' title="bbox 107 1196 768 1284; baseline -0.017 -16"><span class='ocrx_word' id='word_1_53' title='bbox 107 1221 250 1284; x_wconf 90' lang='lat' dir='ltr'>rumque</span> <span class='ocrx_word' id='word_1_54' title='bbox 274 1202 428 1284; x_wconf 86' lang='lat' dir='ltr'>ampliori</span> <span class='ocrx_word' id='word_1_55' title='bbox 445 1212 632 1261; x_wconf 87' lang='lat' dir='ltr'>constanter</span> <span class='ocrx_word' id='word_1_56' title='bbox 650 1196 768 1260; x_wconf 85' lang='lat' dir='ltr'>differt.</span> 
     </span>
    </p>
   </div>
   <div class='ocr_carea' id='block_1_4' title="bbox 110 1347 1090 1845">
    <p class='ocr_par' dir='ltr' id='par_1_4' title="bbox 110 1347 1090 1845">
     <span class='ocr_line' id='line_1_11' title="bbox 169 1347 1086 1424; baseline -0.009 -8"><span class='ocrx_word' id='word_1_57' title='bbox 169 1355 259 1415; x_wconf 90' lang='lat' dir='ltr'>Haec</span> <span class='ocrx_word' id='word_1_58' title='bbox 276 1365 310 1412; x_wconf 92' lang='lat' dir='ltr'>et</span> <span class='ocrx_word' id='word_1_59' title='bbox 329 1349 523 1413; x_wconf 84' lang='lat' dir='ltr'>antecedens</span> <span class='ocrx_word' id='word_1_60' title='bbox 545 1366 566 1405; x_wconf 85' lang='lat' dir='ltr'>o</span> <span class='ocrx_word' id='word_1_61' title='bbox 587 1347 616 1412; x_wconf 84' lang='lat' dir='ltr'>b.</span> <span class='ocrx_word' id='word_1_62' title='bbox 634 1358 755 1424; x_wconf 74' lang='lat' dir='ltr'>patre</span> <span class='ocrx_word' id='word_1_63' title='bbox 774 1368 854 1407; x_wconf 84' lang='lat' dir='ltr'>meo</span> <span class='ocrx_word' id='word_1_64' title='bbox 877 1352 916 1410; x_wconf 91' lang='lat' dir='ltr'>in</span> <span class='ocrx_word' id='word_1_65' title='bbox 938 1350 1086 1413; x_wconf 83' lang='lat' dir='ltr'>hortona·</span> 
     </span>
     <span class='ocr_line' id='line_1_12' title="bbox 110 1450 1088 1523; baseline -0.014 0"><span class='ocrx_word' id='word_1_66' title='bbox 110 1475 177 1523; x_wconf 85' lang='lat' dir='ltr'>stro</span> <span class='ocrx_word' id='word_1_67' title='bbox 190 1458 343 1518; x_wconf 85' lang='lat' dir='ltr'>botanico</span> <span class='ocrx_word' id='word_1_68' title='bbox 358 1454 466 1515; x_wconf 87' lang='lat' dir='ltr'>cultae</span> <span class='ocrx_word' id='word_1_69' title='bbox 480 1450 600 1511; x_wconf 78' lang='lat' dir='ltr'>faciem</span> <span class='ocrx_word' id='word_1_70' title='bbox 620 1468 688 1509; x_wconf 89' lang='lat' dir='ltr'>non</span> <span class='ocrx_word' id='word_1_71' title='bbox 703 1461 937 1515; x_wconf 88' lang='lat' dir='ltr'>mutaverunt.</span> <span class='ocrx_word' id='word_1_72' title='bbox 966 1452 1051 1513; x_wconf 86' lang='lat' dir='ltr'>Idem</span> <span class='ocrx_word' id='word_1_73' title='bbox 1063 1462 1088 1509; x_wconf 88' lang='lat' dir='ltr'>et</span> 
     </span>
     <span class='ocr_line' id='line_1_13' title="bbox 113 1548 1088 1645; baseline -0.014 -24"><span class='ocrx_word' id='word_1_74' title='bbox 113 1582 176 1645; x_wconf 83' lang='lat' dir='ltr'>ego</span> <span class='ocrx_word' id='word_1_75' title='bbox 190 1564 225 1620; x_wconf 92' lang='lat' dir='ltr'>in</span> <span class='ocrx_word' id='word_1_76' title='bbox 243 1556 356 1638; x_wconf 89' lang='lat' dir='ltr'>planta</span> <span class='ocrx_word' id='word_1_77' title='bbox 369 1566 560 1638; x_wconf 85' lang='lat' dir='ltr'>spontanea,</span> <span class='ocrx_word' id='word_1_78' title='bbox 581 1565 615 1613; x_wconf 91' lang='lat' dir='ltr'>et</span> <span class='ocrx_word' id='word_1_79' title='bbox 635 1550 706 1611; x_wconf 76' lang='lat' dir='ltr'>dil.</span> <span class='ocrx_word' id='word_1_80' title='bbox 730 1570 833 1609; x_wconf 81' lang='lat' dir='ltr'>meus</span> <span class='ocrx_word' id='word_1_81' title='bbox 850 1554 898 1631; x_wconf 83' lang='lat' dir='ltr'>fr</span> <span class='ocrx_word' id='word_1_82' title='bbox 908 1566 996 1612; x_wconf 78' lang='lat' dir='ltr'>oter</span> <span class='ocrx_word' id='word_1_83' title='bbox 1015 1548 1088 1613; x_wconf 61' lang='lat' dir='ltr'>All</span> 
     </span>
     <span class='ocr_line' id='line_1_14' title="bbox 111 1653 1090 1744; baseline -0.016 -16"><span class='ocrx_word' id='word_1_84' title='bbox 111 1671 150 1729; x_wconf 90' lang='lat' dir='ltr'>in</span> <span class='ocrx_word' id='word_1_85' title='bbox 171 1663 282 1744; x_wconf 88' lang='lat' dir='ltr'>specie</span> <span class='ocrx_word' id='word_1_86' title='bbox 310 1656 415 1717; x_wconf 85' lang='lat' dir='ltr'>aeauli</span> <span class='ocrx_word' id='word_1_87' title='bbox 439 1660 473 1714; x_wconf 85' lang='lat' dir='ltr'>in</span> <span class='ocrx_word' id='word_1_88' title='bbox 496 1654 582 1712; x_wconf 78' lang='lat' dir='ltr'>horto</span> <span class='ocrx_word' id='word_1_89' title='bbox 603 1653 704 1712; x_wconf 79' lang='lat' dir='ltr'>hoton.</span> <span class='ocrx_word' id='word_1_90' title='bbox 732 1654 932 1715; x_wconf 80' lang='lat' dir='ltr'>celeberrimo</span> <span class='ocrx_word' id='word_1_91' title='bbox 955 1654 1090 1719; x_wconf 66' lang='lat' dir='ltr'>hafniae</span> 
     </span>
     <span class='ocr_line' id='line_1_15' title="bbox 112 1758 805 1845; baseline -0.017 -16"><span class='ocrx_word' id='word_1_92' title='bbox 112 1767 200 1829; x_wconf 84' lang='lat' dir='ltr'>culta</span> <span class='ocrx_word' id='word_1_93' title='bbox 215 1780 278 1845; x_wconf 84' lang='lat' dir='ltr'>per</span> <span class='ocrx_word' id='word_1_94' title='bbox 294 1760 407 1841; x_wconf 88' lang='lat' dir='ltr'>plures</span> <span class='ocrx_word' id='word_1_95' title='bbox 426 1777 527 1820; x_wconf 89' lang='lat' dir='ltr'>annos</span> <span class='ocrx_word' id='word_1_96' title='bbox 546 1758 805 1818; x_wconf 87' lang='lat' dir='ltr'>observavimus.</span> 
     </span>
    </p>
   </div>
   <div class='ocr_carea' id='block_1_5' title="bbox 172 1879 1053 1968">
    <p class='ocr_par' dir='ltr' id='par_1_5' title="bbox 172 1879 1053 1968">
     <span class='ocr_line' id='line_1_16' title="bbox 172 1879 1053 1968; baseline -0.008 -20"><span class='ocrx_word' id='word_1_97' title='bbox 172 1884 273 1968; x_wconf 83' lang='lat' dir='ltr'>Apud</span> <span class='ocrx_word' id='word_1_98' title='bbox 290 1880 454 1962; x_wconf 87' lang='lat' dir='ltr'>plurimos</span> <span class='ocrx_word' id='word_1_99' title='bbox 469 1882 621 1944; x_wconf 88' lang='lat' dir='ltr'>authores</span> <span class='ocrx_word' id='word_1_100' title='bbox 647 1879 795 1937; x_wconf 72' lang='lat' dir='ltr'>Varistae</span> <span class='ocrx_word' id='word_1_101' title='bbox 816 1882 1053 1961; x_wconf 82' lang='lat' dir='ltr'>praecedentis.</span> 
     </span>
    </p>
   </div>
   <div class='ocr_carea' id='block_1_6' title="bbox 114 2002 1091 2183">
    <p class='ocr_par' dir='ltr' id='par_1_6' title="bbox 114 2002 1091 2183">
     <span class='ocr_line' id='line_1_17' title="bbox 176 2002 1091 2087; baseline 0.003 -27"><span class='ocrx_word' id='word_1_102' title='bbox 176 2008 212 2087; x_wconf 79' lang='lat'>3)</span> <span class='ocrx_word' id='word_1_103' title='bbox 236 2004 267 2068; x_wconf 83' lang='lat'>0,</span> <span class='ocrx_word' id='word_1_104' title='bbox 288 2004 481 2082; x_wconf 81' lang='lat' dir='ltr'>vulgaris</span> <span class='ocrx_word' id='word_1_105' title='bbox 503 2004 593 2065; x_wconf 90' lang='lat' dir='ltr'>caule</span> <span class='ocrx_word' id='word_1_106' title='bbox 611 2002 792 2065; x_wconf 86' lang='lat' dir='ltr'>multifloro</span> <span class='ocrx_word' id='word_1_107' title='bbox 813 2007 1017 2081; x_wconf 87' lang='lat' dir='ltr'>corymboso.</span> <span class='ocrx_word' id='word_1_108' title='bbox 1044 2006 1091 2065; x_wconf 81' lang='lat' dir='ltr'>Ge·</span> 
     </span>
     <span class='ocr_line' id='line_1_18' title="bbox 114 2102 1075 2183; baseline -0.003 -15"><span class='ocrx_word' id='word_1_109' title='bbox 114 2113 211 2169; x_wconf 82' lang='lat' dir='ltr'>maine</span> <span class='ocrx_word' id='word_1_110' title='bbox 228 2109 352 2168; x_wconf 80' lang='lat' dir='ltr'>Eberw.</span> <span class='ocrx_word' id='word_1_111' title='bbox 377 2106 468 2165; x_wconf 82' lang='lat' dir='ltr'>Sod-</span> <span class='ocrx_word' id='word_1_112' title='bbox 479 2106 592 2183; x_wconf 83' lang='lat' dir='ltr'>Diatel,</span> <span class='ocrx_word' id='word_1_113' title='bbox 613 2104 796 2180; x_wconf 75' lang='lat' dir='ltr'>Dreidirtel,</span> <span class='ocrx_word' id='word_1_114' title='bbox 819 2102 939 2166; x_wconf 81' lang='lat' dir='ltr'>Sand-</span> <span class='ocrx_word' id='word_1_115' title='bbox 955 2106 1075 2168; x_wconf 60' lang='lat' dir='ltr'>Carinae.</span> 
     </span>
    </p>
   </div>
   <div class='ocr_carea' id='block_1_7' title="bbox 115 2210 1095 2513">
    <p class='ocr_par' dir='ltr' id='par_1_7' title="bbox 115 2210 1095 2513">
     <span class='ocr_line' id='line_1_19' title="bbox 177 2210 1094 2313; baseline -0.001 -19"><span class='ocrx_word' id='word_1_116' title='bbox 177 2234 231 2313; x_wconf 74' lang='lat' dir='ltr'>(a.</span> <span class='ocrx_word' id='word_1_117' title='bbox 263 2251 312 2312; x_wconf 77' lang='lat' dir='ltr'>sp.</span> <span class='ocrx_word' id='word_1_118' title='bbox 338 2232 385 2313; x_wconf 90' lang='lat' dir='ltr'>pl.</span> <span class='ocrx_word' id='word_1_119' title='bbox 409 2228 458 2293; x_wconf 75' lang='lat' dir='ltr'>ea</span> <span class='ocrx_word' id='word_1_120' title='bbox 483 2228 594 2288; x_wconf 77' lang='lat' dir='ltr'>Wua.</span> <span class='ocrx_word' id='word_1_121' title='bbox 621 2210 654 2311; x_wconf 68' lang='lat' dir='ltr'>p.</span> <span class='ocrx_word' id='word_1_122' title='bbox 682 2225 771 2310; x_wconf 81' lang='lat'><strong>1⁶9⁶.</strong></span> <span class='ocrx_word' id='word_1_123' title='bbox 796 2228 917 2298; x_wconf 48' lang='lat' dir='ltr'>orioro.</span> <span class='ocrx_word' id='word_1_124' title='bbox 941 2234 1094 2309; x_wconf 59' lang='lat' dir='ltr'>anani</span> 
     </span>
     <span class='ocr_line' id='line_1_20' title="bbox 115 2328 1095 2416; baseline -0.001 -24"><span class='ocrx_word' id='word_1_125' title='bbox 115 2342 187 2416; x_wconf 77' lang='lat'><strong>844.</strong></span> <span class='ocrx_word' id='word_1_126' title='bbox 210 2336 299 2397; x_wconf 82' lang='lat' dir='ltr'>Pers.</span> <span class='ocrx_word' id='word_1_127' title='bbox 326 2354 397 2413; x_wconf 89' lang='lat' dir='ltr'>syn.</span> <span class='ocrx_word' id='word_1_128' title='bbox 420 2332 466 2415; x_wconf 86' lang='lat' dir='ltr'>pl.</span> <span class='ocrx_word' id='word_1_129' title='bbox 487 2332 510 2393; x_wconf 89' lang='lat'>1.</span> <span class='ocrx_word' id='word_1_130' title='bbox 535 2353 561 2393; x_wconf 86' lang='lat' dir='ltr'>c.</span> <span class='ocrx_word' id='word_1_131' title='bbox 583 2328 702 2413; x_wconf 76' lang='lat' dir='ltr'>Hoſjm.</span> <span class='ocrx_word' id='word_1_132' title='bbox 735 2330 851 2392; x_wconf 87' lang='lat' dir='ltr'>Germ.</span> <span class='ocrx_word' id='word_1_133' title='bbox 882 2355 918 2415; x_wconf 89' lang='lat' dir='ltr'>p.</span> <span class='ocrx_word' id='word_1_134' title='bbox 956 2348 1024 2415; x_wconf 79' lang='lat'>13²·</span> <span class='ocrx_word' id='word_1_135' title='bbox 1057 2332 1095 2391; x_wconf 77' lang='lat' dir='ltr'>Bt</span> 
     </span>
     <span class='ocr_line' id='line_1_21' title="bbox 120 2431 873 2513; baseline -0.003 -16"><span class='ocrx_word' id='word_1_136' title='bbox 120 2439 196 2497; x_wconf 71' lang='lat' dir='ltr'>Vero</span> <span class='ocrx_word' id='word_1_137' title='bbox 222 2438 275 2499; x_wconf 87' lang='lat' dir='ltr'>M.</span> <span class='ocrx_word' id='word_1_138' title='bbox 296 2438 327 2503; x_wconf 87' lang='lat' dir='ltr'>b.</span> <span class='ocrx_word' id='word_1_139' title='bbox 349 2438 371 2498; x_wconf 91' lang='lat' dir='ltr'>l.</span> <span class='ocrx_word' id='word_1_140' title='bbox 394 2457 419 2497; x_wconf 87' lang='lat' dir='ltr'>o.</span> <span class='ocrx_word' id='word_1_141' title='bbox 462 2431 613 2498; x_wconf 66' lang='lat' dir='ltr'>Selilais,</span> <span class='ocrx_word' id='word_1_142' title='bbox 634 2438 664 2496; x_wconf 83' lang='lat' dir='ltr'>b.</span> <span class='ocrx_word' id='word_1_143' title='bbox 687 2434 730 2497; x_wconf 84' lang='lat' dir='ltr'>H.</span> <span class='ocrx_word' id='word_1_144' title='bbox 743 2448 767 2497; x_wconf 90' lang='lat' dir='ltr'>t.</span> <span class='ocrx_word' id='word_1_145' title='bbox 780 2436 873 2513; x_wconf 86' lang='lat'>232.)</span> 
     </span>
    </p>
   </div>
   <div class='ocr_carea' id='block_1_8' title="bbox 115 2534 677 2635">
    <p class='ocr_par' dir='ltr' id='par_1_8' title="bbox 115 2534 677 2635">
     <span class='ocr_line' id='line_1_22' title="bbox 115 2534 677 2635; baseline -0.004 -14"><span class='ocrx_word' id='word_1_146' title='bbox 115 2534 228 2627; x_wconf 83' lang='lat' dir='ltr'>¹Bierm.</span> <span class='ocrx_word' id='word_1_147' title='bbox 250 2561 337 2628; x_wconf 69' lang='lat' dir='ltr'>dior.</span> <span class='ocrx_word' id='word_1_148' title='bbox 365 2560 447 2620; x_wconf 81' lang='lat' dir='ltr'>Iulio</span> <span class='ocrx_word' id='word_1_149' title='bbox 460 2592 476 2605; x_wconf 90' lang='lat'><strong>·</strong></span> <span class='ocrx_word' id='word_1_150' title='bbox 498 2554 677 2635; x_wconf 79' lang='lat' dir='ltr'>Septembri.</span> 
     </span>
    </p>
   </div>
   <div class='ocr_carea' id='block_1_9' title="bbox 176 2682 934 2765">
    <p class='ocr_par' dir='ltr' id='par_1_9' title="bbox 176 2682 934 2765">
     <span class='ocr_line' id='line_1_23' title="bbox 176 2682 934 2765; baseline 0.001 -22"><span class='ocrx_word' id='word_1_151' title='bbox 176 2685 276 2747; x_wconf 85' lang='lat' dir='ltr'>Hab.</span> <span class='ocrx_word' id='word_1_152' title='bbox 306 2685 454 2765; x_wconf 82' lang='lat' dir='ltr'>ubique</span> <span class='ocrx_word' id='word_1_153' title='bbox 474 2687 515 2742; x_wconf 84' lang='lat' dir='ltr'>in</span> <span class='ocrx_word' id='word_1_154' title='bbox 536 2682 697 2760; x_wconf 75' lang='lat' dir='ltr'>coeperit</span> <span class='ocrx_word' id='word_1_155' title='bbox 716 2686 934 2749; x_wconf 70' lang='lat' dir='ltr'>montosis.</span> 
     </span>
    </p>
   </div>
   <div class='ocr_carea' id='block_1_10' title="bbox 100 2826 1130 3435">
    <p class='ocr_par' dir='ltr' id='par_1_10' title="bbox 100 2826 1130 3435">
     <span class='ocr_line' id='line_1_24' title="bbox 100 2826 1096 2921; baseline 0.003 -28"><span class='ocrx_word' id='word_1_156' title='bbox 100 2826 104 2833; x_wconf 69' lang='grc'><em>’</em></span> <span class='ocrx_word' id='word_1_157' title='bbox 179 2836 284 2894; x_wconf 68' lang='lat' dir='ltr'>Paulis</span> <span class='ocrx_word' id='word_1_158' title='bbox 306 2833 474 2916; x_wconf 85' lang='lat' dir='ltr'>palmaris,</span> <span class='ocrx_word' id='word_1_159' title='bbox 494 2852 508 2897; x_wconf 85' lang='lat'>1</span> <span class='ocrx_word' id='word_1_160' title='bbox 527 2871 540 2884; x_wconf 90' lang='lat'>-</span> <span class='ocrx_word' id='word_1_161' title='bbox 552 2851 570 2895; x_wconf 83' lang='lat'><strong>2</strong></span> <span class='ocrx_word' id='word_1_162' title='bbox 581 2831 745 2914; x_wconf 87' lang='lat' dir='ltr'>-pedalis,</span> <span class='ocrx_word' id='word_1_163' title='bbox 762 2852 908 2915; x_wconf 86' lang='lat' dir='ltr'>erectus,</span> <span class='ocrx_word' id='word_1_164' title='bbox 924 2843 1045 2921; x_wconf 84' lang='lat' dir='ltr'>rigens,</span> <span class='ocrx_word' id='word_1_165' title='bbox 1059 2846 1096 2895; x_wconf 82' lang='lat' dir='ltr'>tt·</span> 
     </span>
     <span class='ocr_line' id='line_1_25' title="bbox 114 2935 1096 3016; baseline -0.004 -13"><span class='ocrx_word' id='word_1_166' title='bbox 114 2960 178 3016; x_wconf 90' lang='lat' dir='ltr'>res,</span> <span class='ocrx_word' id='word_1_167' title='bbox 204 2938 359 3014; x_wconf 84' lang='lat' dir='ltr'>sulcatus,</span> <span class='ocrx_word' id='word_1_168' title='bbox 383 2935 527 3014; x_wconf 87' lang='lat' dir='ltr'>lanatus,</span> <span class='ocrx_word' id='word_1_169' title='bbox 552 2954 680 3013; x_wconf 77' lang='lat' dir='ltr'>superne</span> <span class='ocrx_word' id='word_1_170' title='bbox 706 2940 906 3015; x_wconf 85' lang='lat' dir='ltr'>corymboso</span> <span class='ocrx_word' id='word_1_171' title='bbox 920 2971 939 2985; x_wconf 93' lang='lat'><strong>·</strong></span> <span class='ocrx_word' id='word_1_172' title='bbox 953 2952 1096 3003; x_wconf 75' lang='lat' dir='ltr'>ramosus:</span> 
     </span>
     <span class='ocr_line' id='line_1_26' title="bbox 114 3038 1097 3122; baseline -0.002 -19"><span class='ocrx_word' id='word_1_173' title='bbox 114 3047 212 3104; x_wconf 83' lang='lat' dir='ltr'>ramis</span> <span class='ocrx_word' id='word_1_174' title='bbox 230 3040 390 3121; x_wconf 85' lang='lat' dir='ltr'>oppositis</span> <span class='ocrx_word' id='word_1_175' title='bbox 406 3039 625 3122; x_wconf 83' lang='lat' dir='ltr'>alternisque3</span> <span class='ocrx_word' id='word_1_176' title='bbox 648 3038 777 3111; x_wconf 73' lang='lat' dir='ltr'>ventrali</span> <span class='ocrx_word' id='word_1_177' title='bbox 796 3044 1024 3105; x_wconf 81' lang='lat' dir='ltr'>exterioribus</span> <span class='ocrx_word' id='word_1_178' title='bbox 1038 3042 1097 3101; x_wconf 76' lang='lat' dir='ltr'>brt·</span> 
     </span>
     <span class='ocr_line' id='line_1_27' title="bbox 113 3138 1099 3223; baseline 0.007 -21"><span class='ocrx_word' id='word_1_179' title='bbox 113 3148 210 3209; x_wconf 80' lang='lat' dir='ltr'>viori.</span> <span class='ocrx_word' id='word_1_180' title='bbox 252 3144 346 3202; x_wconf 83' lang='lat' dir='ltr'>Folia</span> <span class='ocrx_word' id='word_1_181' title='bbox 371 3142 506 3218; x_wconf 85' lang='lat' dir='ltr'>alterna,</span> <span class='ocrx_word' id='word_1_182' title='bbox 530 3140 665 3213; x_wconf 89' lang='lat' dir='ltr'>sessilia,</span> <span class='ocrx_word' id='word_1_183' title='bbox 691 3138 959 3223; x_wconf 85' lang='lat' dir='ltr'>amplexicaulia,</span> <span class='ocrx_word' id='word_1_184' title='bbox 982 3150 1099 3209; x_wconf 83' lang='lat' dir='ltr'>incano-</span> 
     </span>
     <span class='ocr_line' id='line_1_28' title="bbox 114 3243 1098 3326; baseline -0.003 -16"><span class='ocrx_word' id='word_1_185' title='bbox 114 3262 315 3321; x_wconf 75' lang='lat' dir='ltr'>lamentosa,</span> <span class='ocrx_word' id='word_1_186' title='bbox 328 3246 457 3326; x_wconf 85' lang='lat' dir='ltr'>saepius</span> <span class='ocrx_word' id='word_1_187' title='bbox 472 3243 678 3319; x_wconf 90' lang='lat' dir='ltr'>nudiuscula,</span> <span class='ocrx_word' id='word_1_188' title='bbox 699 3245 855 3305; x_wconf 90' lang='lat' dir='ltr'>sinuato·</span> <span class='ocrx_word' id='word_1_189' title='bbox 865 3246 1021 3313; x_wconf 86' lang='lat' dir='ltr'>dentata:</span> <span class='ocrx_word' id='word_1_190' title='bbox 1041 3248 1098 3307; x_wconf 72' lang='lat' dir='ltr'>da·</span> 
     </span>
     <span class='ocr_line' id='line_1_29' title="bbox 114 3347 1130 3435; baseline 0.002 -26"><span class='ocrx_word' id='word_1_191' title='bbox 114 3352 199 3411; x_wconf 84' lang='lat' dir='ltr'>tibus</span> <span class='ocrx_word' id='word_1_192' title='bbox 220 3350 372 3431; x_wconf 85' lang='lat' dir='ltr'>spinosis,</span> <span class='ocrx_word' id='word_1_193' title='bbox 398 3352 560 3424; x_wconf 81' lang='lat' dir='ltr'>superiora</span> <span class='ocrx_word' id='word_1_194' title='bbox 587 3348 711 3410; x_wconf 89' lang='lat' dir='ltr'>sensim</span> <span class='ocrx_word' id='word_1_195' title='bbox 734 3347 870 3410; x_wconf 87' lang='lat' dir='ltr'>minora</span> <span class='ocrx_word' id='word_1_196' title='bbox 908 3350 1099 3417; x_wconf 74' lang='lat' dir='ltr'>denticulata</span> <span class='ocrx_word' id='word_1_197' title='bbox 1126 3377 1130 3435; x_wconf 57' lang='lat'>4</span> 
     </span>
    </p>
   </div>
   <div class='ocr_carea' id='block_1_11' title="bbox 10 3449 1131 3534">
    <p class='ocr_par' dir='ltr' id='par_1_11' title="bbox 10 3449 1131 3534">
     <span class='ocr_line' id='line_1_30' title="bbox 10 3449 1131 3534; baseline 0.003 -24"><span class='ocrx_word' id='word_1_198' title='bbox 10 3524 14 3534; x_wconf 87' lang='lat'><em>.</em></span> <span class='ocrx_word' id='word_1_199' title='bbox 114 3454 224 3511; x_wconf 69' lang='lat' dir='ltr'>Floret</span> <span class='ocrx_word' id='word_1_200' title='bbox 243 3451 443 3528; x_wconf 83' lang='lat' dir='ltr'>terminales,</span> <span class='ocrx_word' id='word_1_201' title='bbox 460 3449 654 3525; x_wconf 88' lang='lat' dir='ltr'>corymbosi,</span> <span class='ocrx_word' id='word_1_202' title='bbox 672 3468 771 3531; x_wconf 88' lang='lat' dir='ltr'>quam</span> <span class='ocrx_word' id='word_1_203' title='bbox 787 3452 827 3511; x_wconf 88' lang='lat' dir='ltr'>in</span> <span class='ocrx_word' id='word_1_204' title='bbox 845 3452 1131 3519; x_wconf 68' lang='lat' dir='ltr'>antecedentibw</span> <span class='ocrx_word' id='word_1_205' title='bbox 1128 3486 1131 3493; x_wconf 95' lang='lat'>·</span> 
     </span>
    </p>
   </div>
   <div class='ocr_carea' id='block_1_12' title="bbox 14 3551 1098 3635">
    <p class='ocr_par' dir='ltr' id='par_1_12' title="bbox 14 3551 1098 3635">
     <span class='ocr_line' id='line_1_31' title="bbox 14 3551 1098 3635; baseline 0.006 -22"><span class='ocrx_word' id='word_1_206' title='bbox 14 3564 17 3569; x_wconf 86' lang='lat'>&#39;</span> <span class='ocrx_word' id='word_1_207' title='bbox 114 3555 220 3614; x_wconf 87' lang='lat' dir='ltr'>sexies</span> <span class='ocrx_word' id='word_1_208' title='bbox 240 3558 396 3615; x_wconf 86' lang='lat' dir='ltr'>minores</span> <span class='ocrx_word' id='word_1_209' title='bbox 437 3553 595 3611; x_wconf 73' lang='lat' dir='ltr'>involucri</span> <span class='ocrx_word' id='word_1_210' title='bbox 621 3551 730 3613; x_wconf 73' lang='lat' dir='ltr'>foliola</span> <span class='ocrx_word' id='word_1_211' title='bbox 751 3556 997 3635; x_wconf 85' lang='lat' dir='ltr'>spinosissima,</span> <span class='ocrx_word' id='word_1_212' title='bbox 1017 3556 1098 3619; x_wconf 59' lang='lat' dir='ltr'>ium</span> 
     </span>
    </p>
   </div>
   <div class='ocr_carea' id='block_1_13' title="bbox 14 3652 1098 3823">
    <p class='ocr_par' dir='ltr' id='par_1_13' title="bbox 14 3652 1098 3823">
     <span class='ocr_line' id='line_1_32' title="bbox 14 3652 1098 3743; baseline 0.008 -26"><span class='ocrx_word' id='word_1_213' title='bbox 14 3702 23 3717; x_wconf 82' lang='lat'><em>.</em></span> <span class='ocrx_word' id='word_1_214' title='bbox 122 3655 194 3736; x_wconf 68' lang='lat'>1²12,</span> <span class='ocrx_word' id='word_1_215' title='bbox 197 3656 241 3713; x_wconf 85' lang='lat' dir='ltr'>lla</span> <span class='ocrx_word' id='word_1_216' title='bbox 262 3658 435 3727; x_wconf 78' lang='lat' dir='ltr'>involucro</span> <span class='ocrx_word' id='word_1_217' title='bbox 460 3654 563 3738; x_wconf 88' lang='lat' dir='ltr'>duplo</span> <span class='ocrx_word' id='word_1_218' title='bbox 592 3652 763 3739; x_wconf 83' lang='lat' dir='ltr'>longiora,</span> <span class='ocrx_word' id='word_1_219' title='bbox 783 3656 944 3743; x_wconf 84' lang='lat' dir='ltr'>linearia,</span> <span class='ocrx_word' id='word_1_220' title='bbox 970 3662 1098 3727; x_wconf 60' lang='lat' dir='ltr'>scam</span> 
     </span>
     <span class='ocr_line' id='line_1_33' title="bbox 1013 3760 1098 3823; baseline 0.024 -1"><span class='ocrx_word' id='word_1_221' title='bbox 1013 3760 1098 3823; x_wconf 63' lang='lat' dir='ltr'>lum</span> 
     </span>
    </p>
   </div>
   <div class='ocr_carea' id='block_1_14' title="bbox 0 0 1195 4276">
    <p class='ocr_par' dir='ltr' id='par_1_14' title="bbox 0 0 1195 4276">
     <span class='ocr_line' id='line_1_34' title="bbox 0 0 1195 4276; baseline 0 0"><span class='ocrx_word' id='word_1_222' title='bbox 0 0 1195 4276; x_wconf 95' lang='lat' dir='ltr'> </span> 
     </span>
    </p>
   </div>
  </div>
 </body>
</html>
