<?xml version="1.0" encoding="UTF-8"?>
<!DOCTYPE html PUBLIC "-//W3C//DTD XHTML 1.0 Transitional//EN"
    "http://www.w3.org/TR/xhtml1/DTD/xhtml1-transitional.dtd">
<html xmlns="http://www.w3.org/1999/xhtml" xml:lang="en" lang="en">
 <head>
  <title>
</title>
<meta http-equiv="Content-Type" content="text/html;charset=utf-8" />
  <meta name='ocr-system' content='tesseract 3.04.00' />
  <meta name='ocr-capabilities' content='ocr_page ocr_carea ocr_par ocr_line ocrx_word'/>
</head>
<body>
  <div class='ocr_page' id='page_1' title='image "./florawirceburge00hellgoog/florawirceburge00hellgoog_0021.png"; bbox 0 0 2370 4276; ppageno 0'>
   <div class='ocr_carea' id='block_1_1' title="bbox 1022 166 1075 209">
    <p class='ocr_par' dir='ltr' id='par_1_1' title="bbox 1022 166 1075 209">
     <span class='ocr_line' id='line_1_1' title="bbox 1022 166 1075 209; baseline -0.019 0"><span class='ocrx_word' id='word_1_1' title='bbox 1022 166 1075 209; x_wconf 80' lang='lat' dir='ltr'>XIX</span> 
     </span>
    </p>
   </div>
   <div class='ocr_carea' id='block_1_2' title="bbox 12 310 1156 3858">
    <p class='ocr_par' dir='ltr' id='par_1_2' title="bbox 12 310 1155 2333">
     <span class='ocr_line' id='line_1_2' title="bbox 49 310 1067 411; baseline -0.006 -33"><span class='ocrx_word' id='word_1_2' title='bbox 49 315 239 406; x_wconf 47' lang='lat' dir='ltr'>⁸multisque</span> <span class='ocrx_word' id='word_1_3' title='bbox 258 315 293 375; x_wconf 91' lang='lat' dir='ltr'>in</span> <span class='ocrx_word' id='word_1_4' title='bbox 308 311 389 381; x_wconf 84' lang='lat' dir='ltr'>locis</span> <span class='ocrx_word' id='word_1_5' title='bbox 405 313 595 376; x_wconf 77' lang='lat' dir='ltr'>nemoribus</span> <span class='ocrx_word' id='word_1_6' title='bbox 611 311 833 396; x_wconf 78' lang='lat' dir='ltr'><strong>virgultisque</strong></span> <span class='ocrx_word' id='word_1_7' title='bbox 851 310 1067 411; x_wconf 51' lang='lat' dir='ltr'>obductaeqt,</span> 
     </span>
     <span class='ocr_line' id='line_1_3' title="bbox 62 414 1065 500; baseline -0.003 -20"><span class='ocrx_word' id='word_1_8' title='bbox 62 429 159 500; x_wconf 86' lang='lat' dir='ltr'>atque</span> <span class='ocrx_word' id='word_1_9' title='bbox 181 416 328 479; x_wconf 83' lang='lat' dir='ltr'>humida.</span> <span class='ocrx_word' id='word_1_10' title='bbox 371 416 494 478; x_wconf 81' lang='lat' dir='ltr'>Paucos</span> <span class='ocrx_word' id='word_1_11' title='bbox 515 415 620 478; x_wconf 86' lang='lat' dir='ltr'>adhuc</span> <span class='ocrx_word' id='word_1_12' title='bbox 644 426 716 477; x_wconf 90' lang='lat' dir='ltr'>ante</span> <span class='ocrx_word' id='word_1_13' title='bbox 737 435 839 478; x_wconf 86' lang='lat' dir='ltr'>annos</span> <span class='ocrx_word' id='word_1_14' title='bbox 863 414 1065 497; x_wconf 69' lang='lat' dir='ltr'>Dictanmus</span> 
     </span>
     <span class='ocr_line' id='line_1_4' title="bbox 61 517 1068 601; baseline -0.006 -16"><span class='ocrx_word' id='word_1_15' title='bbox 61 523 154 585; x_wconf 84' lang='lat' dir='ltr'>albus</span> <span class='ocrx_word' id='word_1_16' title='bbox 171 536 205 584; x_wconf 88' lang='lat' dir='ltr'>et</span> <span class='ocrx_word' id='word_1_17' title='bbox 225 517 353 582; x_wconf 87' lang='lat' dir='ltr'>Lilium</span> <span class='ocrx_word' id='word_1_18' title='bbox 377 517 575 601; x_wconf 77' lang='lat' dir='ltr'>Martagon‚</span> <span class='ocrx_word' id='word_1_19' title='bbox 612 534 647 581; x_wconf 89' lang='lat' dir='ltr'>et</span> <span class='ocrx_word' id='word_1_20' title='bbox 666 521 782 597; x_wconf 87' lang='lat' dir='ltr'>majori</span> <span class='ocrx_word' id='word_1_21' title='bbox 806 518 938 597; x_wconf 86' lang='lat' dir='ltr'>quidem</span> <span class='ocrx_word' id='word_1_22' title='bbox 956 522 1068 601; x_wconf 86' lang='lat' dir='ltr'>copia,</span> 
     </span>
     <span class='ocr_line' id='line_1_5' title="bbox 61 613 1068 707; baseline -0.003 -21"><span class='ocrx_word' id='word_1_23' title='bbox 61 624 185 688; x_wconf 85' lang='lat' dir='ltr'>ibidem</span> <span class='ocrx_word' id='word_1_24' title='bbox 216 620 466 707; x_wconf 89' lang='lat' dir='ltr'>nutriebantur,</span> <span class='ocrx_word' id='word_1_25' title='bbox 496 637 643 705; x_wconf 85' lang='lat' dir='ltr'>quorum</span> <span class='ocrx_word' id='word_1_26' title='bbox 665 621 743 682; x_wconf 89' lang='lat' dir='ltr'>inde</span> <span class='ocrx_word' id='word_1_27' title='bbox 765 623 803 682; x_wconf 88' lang='lat' dir='ltr'>ab</span> <span class='ocrx_word' id='word_1_28' title='bbox 830 640 870 682; x_wconf 89' lang='lat' dir='ltr'>eo</span> <span class='ocrx_word' id='word_1_29' title='bbox 893 613 1068 702; x_wconf 88' lang='lat' dir='ltr'>tempore,</span> 
     </span>
     <span class='ocr_line' id='line_1_6' title="bbox 62 707 1155 810; baseline -0.005 -22"><span class='ocrx_word' id='word_1_30' title='bbox 62 728 182 810; x_wconf 86' lang='lat' dir='ltr'>quibus</span> <span class='ocrx_word' id='word_1_31' title='bbox 200 727 311 787; x_wconf 89' lang='lat' dir='ltr'>nescio</span> <span class='ocrx_word' id='word_1_32' title='bbox 336 725 518 800; x_wconf 73' lang='lat' dir='ltr'>areauna,</span> <span class='ocrx_word' id='word_1_33' title='bbox 549 721 654 784; x_wconf 90' lang='lat' dir='ltr'>multo</span> <span class='ocrx_word' id='word_1_34' title='bbox 668 727 774 804; x_wconf 89' lang='lat' dir='ltr'>major</span> <span class='ocrx_word' id='word_1_35' title='bbox 795 707 916 785; x_wconf 81' lang='lat' dir='ltr'>raritas</span> <span class='ocrx_word' id='word_1_36' title='bbox 934 724 988 786; x_wconf 89' lang='lat' dir='ltr'>hic</span> <span class='ocrx_word' id='word_1_37' title='bbox 1009 723 1066 784; x_wconf 93' lang='lat' dir='ltr'>do·</span> <span class='ocrx_word' id='word_1_38' title='bbox 1149 757 1155 763; x_wconf 90' lang='lat'><em>·</em></span> 
     </span>
     <span class='ocr_line' id='line_1_7' title="bbox 62 808 1066 910; baseline -0.006 -20"><span class='ocrx_word' id='word_1_39' title='bbox 62 833 218 890; x_wconf 89' lang='lat' dir='ltr'>minatur.</span> <span class='ocrx_word' id='word_1_40' title='bbox 260 827 305 889; x_wconf 88' lang='lat' dir='ltr'>Et</span> <span class='ocrx_word' id='word_1_41' title='bbox 318 829 504 910; x_wconf 79' lang='lat' dir='ltr'>generatim</span> <span class='ocrx_word' id='word_1_42' title='bbox 519 823 630 886; x_wconf 86' lang='lat' dir='ltr'>inbac</span> <span class='ocrx_word' id='word_1_43' title='bbox 647 825 741 904; x_wconf 86' lang='lat' dir='ltr'>sylva</span> <span class='ocrx_word' id='word_1_44' title='bbox 756 808 871 907; x_wconf 72' lang='lat' dir='ltr'>plagae</span> <span class='ocrx_word' id='word_1_45' title='bbox 887 839 967 888; x_wconf 86' lang='lat' dir='ltr'>sunt</span> <span class='ocrx_word' id='word_1_46' title='bbox 980 846 1066 886; x_wconf 91' lang='lat' dir='ltr'>non-</span> 
     </span>
     <span class='ocr_line' id='line_1_8' title="bbox 63 927 1066 1015; baseline 0 -25"><span class='ocrx_word' id='word_1_47' title='bbox 63 930 193 1008; x_wconf 80' lang='lat' dir='ltr'>nullae,</span> <span class='ocrx_word' id='word_1_48' title='bbox 222 946 305 1011; x_wconf 86' lang='lat' dir='ltr'>quae</span> <span class='ocrx_word' id='word_1_49' title='bbox 331 930 458 1012; x_wconf 74' lang='lat' dir='ltr'>plantas</span> <span class='ocrx_word' id='word_1_50' title='bbox 483 931 639 990; x_wconf 88' lang='lat' dir='ltr'>nutriunt</span> <span class='ocrx_word' id='word_1_51' title='bbox 664 927 904 1015; x_wconf 11' lang='lat' dir='ltr'>ejuehgeneris,</span> <span class='ocrx_word' id='word_1_52' title='bbox 927 931 1066 1010; x_wconf 84' lang='lat' dir='ltr'>quasin</span> 
     </span>
     <span class='ocr_line' id='line_1_9' title="bbox 65 1029 1097 1112; baseline 0.001 -20"><span class='ocrx_word' id='word_1_53' title='bbox 65 1032 137 1094; x_wconf 84' lang='lat' dir='ltr'>aliis</span> <span class='ocrx_word' id='word_1_54' title='bbox 155 1032 285 1094; x_wconf 84' lang='lat' dir='ltr'>forestis</span> <span class='ocrx_word' id='word_1_55' title='bbox 300 1032 492 1112; x_wconf 76' lang='lat' dir='ltr'>insignioris</span> <span class='ocrx_word' id='word_1_56' title='bbox 508 1033 610 1092; x_wconf 89' lang='lat' dir='ltr'>etiam</span> <span class='ocrx_word' id='word_1_57' title='bbox 633 1029 870 1111; x_wconf 78' lang='lat' dir='ltr'>magnitudinis</span> <span class='ocrx_word' id='word_1_58' title='bbox 897 1034 1064 1108; x_wconf 79' lang='lat' dir='ltr'>incassum</span> <span class='ocrx_word' id='word_1_59' title='bbox 1093 1064 1097 1072; x_wconf 93' lang='lat'><em>·</em></span> 
     </span>
     <span class='ocr_line' id='line_1_10' title="bbox 51 1125 1064 1215; baseline -0.003 -19"><span class='ocrx_word' id='word_1_60' title='bbox 51 1132 289 1215; x_wconf 70' lang='lat' dir='ltr'>investigabis.</span> <span class='ocrx_word' id='word_1_61' title='bbox 1024 1134 1028 1145; x_wconf 68' lang='lat'>‘</span> <span class='ocrx_word' id='word_1_62' title='bbox 1060 1125 1064 1129; x_wconf 63' lang='grc'><strong>’</strong></span> 
     </span>
     <span class='ocr_line' id='line_1_11' title="bbox 126 1232 1066 1314; baseline -0.001 -16"><span class='ocrx_word' id='word_1_63' title='bbox 126 1237 204 1298; x_wconf 89' lang='lat' dir='ltr'>Non</span> <span class='ocrx_word' id='word_1_64' title='bbox 223 1237 334 1296; x_wconf 85' lang='lat' dir='ltr'>minus</span> <span class='ocrx_word' id='word_1_65' title='bbox 358 1248 437 1295; x_wconf 85' lang='lat' dir='ltr'>nota</span> <span class='ocrx_word' id='word_1_66' title='bbox 452 1248 520 1312; x_wconf 87' lang='lat' dir='ltr'>est,</span> <span class='ocrx_word' id='word_1_67' title='bbox 550 1252 612 1294; x_wconf 85' lang='lat' dir='ltr'>nec</span> <span class='ocrx_word' id='word_1_68' title='bbox 626 1232 699 1314; x_wconf 88' lang='lat' dir='ltr'>jure</span> <span class='ocrx_word' id='word_1_69' title='bbox 722 1236 843 1294; x_wconf 88' lang='lat' dir='ltr'>minori</span> <span class='ocrx_word' id='word_1_70' title='bbox 866 1254 1066 1297; x_wconf 86' lang='lat' dir='ltr'>commemo-</span> 
     </span>
     <span class='ocr_line' id='line_1_12' title="bbox 64 1334 1064 1419; baseline -0.003 -19"><span class='ocrx_word' id='word_1_71' title='bbox 64 1341 230 1400; x_wconf 79' lang='lat' dir='ltr'><strong>rationem</strong></span> <span class='ocrx_word' id='word_1_72' title='bbox 247 1351 390 1398; x_wconf 86' lang='lat' dir='ltr'>nostram</span> <span class='ocrx_word' id='word_1_73' title='bbox 405 1338 468 1398; x_wconf 83' lang='lat' dir='ltr'>sibi</span> <span class='ocrx_word' id='word_1_74' title='bbox 489 1334 636 1419; x_wconf 81' lang='lat' dir='ltr'>deposcit</span> <span class='ocrx_word' id='word_1_75' title='bbox 652 1335 747 1413; x_wconf 85' lang='lat' dir='ltr'>sylva</span> <span class='ocrx_word' id='word_1_76' title='bbox 771 1337 1064 1397; x_wconf 77' lang='lat' dir='ltr'>Gromsehatz-</span> 
     </span>
     <span class='ocr_line' id='line_1_13' title="bbox 65 1437 1065 1522; baseline 0.005 -24"><span class='ocrx_word' id='word_1_77' title='bbox 65 1442 189 1516; x_wconf 82' lang='lat' dir='ltr'>ensis‚</span> <span class='ocrx_word' id='word_1_78' title='bbox 211 1441 303 1519; x_wconf 86' lang='lat' dir='ltr'>cujus</span> <span class='ocrx_word' id='word_1_79' title='bbox 322 1440 360 1499; x_wconf 82' lang='lat' dir='ltr'>ab</span> <span class='ocrx_word' id='word_1_80' title='bbox 375 1439 456 1500; x_wconf 90' lang='lat' dir='ltr'>urbe</span> <span class='ocrx_word' id='word_1_81' title='bbox 474 1437 628 1501; x_wconf 73' lang='lat' dir='ltr'>distantia</span> <span class='ocrx_word' id='word_1_82' title='bbox 644 1442 752 1520; x_wconf 85' lang='lat' dir='ltr'>sesqui</span> <span class='ocrx_word' id='word_1_83' title='bbox 773 1439 924 1501; x_wconf 88' lang='lat' dir='ltr'>milliaris</span> <span class='ocrx_word' id='word_1_84' title='bbox 940 1444 1065 1522; x_wconf 81' lang='lat' dir='ltr'>spatio,</span> 
     </span>
     <span class='ocr_line' id='line_1_14' title="bbox 66 1526 1137 1622; baseline -0.011 -18"><span class='ocrx_word' id='word_1_85' title='bbox 66 1545 103 1604; x_wconf 90' lang='lat' dir='ltr'>ad</span> <span class='ocrx_word' id='word_1_86' title='bbox 119 1543 204 1604; x_wconf 84' lang='lat' dir='ltr'>latus</span> <span class='ocrx_word' id='word_1_87' title='bbox 219 1543 291 1620; x_wconf 85' lang='lat' dir='ltr'>ejus</span> <span class='ocrx_word' id='word_1_88' title='bbox 309 1541 572 1622; x_wconf 78' lang='lat' dir='ltr'>septentrionale</span> <span class='ocrx_word' id='word_1_89' title='bbox 595 1559 710 1600; x_wconf 88' lang='lat' dir='ltr'>versus</span> <span class='ocrx_word' id='word_1_90' title='bbox 732 1526 924 1600; x_wconf 70' lang='lat' dir='ltr'>Arnstein</span> <span class='ocrx_word' id='word_1_91' title='bbox 949 1544 1065 1606; x_wconf 88' lang='lat' dir='ltr'>defini·</span> <span class='ocrx_word' id='word_1_92' title='bbox 1131 1585 1137 1593; x_wconf 91' lang='lat'>.</span> 
     </span>
     <span class='ocr_line' id='line_1_15' title="bbox 64 1630 1065 1727; baseline -0.004 -19"><span class='ocrx_word' id='word_1_93' title='bbox 64 1657 98 1723; x_wconf 81' lang='lat' dir='ltr'>ta</span> <span class='ocrx_word' id='word_1_94' title='bbox 117 1660 184 1722; x_wconf 85' lang='lat' dir='ltr'>est,</span> <span class='ocrx_word' id='word_1_95' title='bbox 206 1630 365 1706; x_wconf 88' lang='lat' dir='ltr'>ambitum</span> <span class='ocrx_word' id='word_1_96' title='bbox 382 1645 534 1726; x_wconf 86' lang='lat' dir='ltr'>plurium</span> <span class='ocrx_word' id='word_1_97' title='bbox 557 1641 749 1704; x_wconf 86' lang='lat' dir='ltr'>milliarium</span> <span class='ocrx_word' id='word_1_98' title='bbox 773 1664 949 1727; x_wconf 84' lang='lat' dir='ltr'>occupans.</span> <span class='ocrx_word' id='word_1_99' title='bbox 992 1645 1065 1708; x_wconf 73' lang='lat' dir='ltr'>Pla.</span> 
     </span>
     <span class='ocr_line' id='line_1_16' title="bbox 13 1743 1063 1830; baseline 0.002 -20"><span class='ocrx_word' id='word_1_100' title='bbox 13 1752 16 1756; x_wconf 77' lang='grc'><em>’</em></span> <span class='ocrx_word' id='word_1_101' title='bbox 62 1770 108 1810; x_wconf 90' lang='lat' dir='ltr'>na·</span> <span class='ocrx_word' id='word_1_102' title='bbox 127 1751 180 1809; x_wconf 86' lang='lat' dir='ltr'>est&#39;</span> <span class='ocrx_word' id='word_1_103' title='bbox 200 1746 562 1830; x_wconf 79' lang='lat' dir='ltr'>plerumque,-umbra</span> <span class='ocrx_word' id='word_1_104' title='bbox 582 1743 749 1826; x_wconf 86' lang='lat' dir='ltr'>locuplete</span> <span class='ocrx_word' id='word_1_105' title='bbox 771 1745 961 1827; x_wconf 21' lang='lat' dir='ltr'>obductayet</span> <span class='ocrx_word' id='word_1_106' title='bbox 983 1748 1063 1812; x_wconf 79' lang='lat' dir='ltr'>locis</span> 
     </span>
     <span class='ocr_line' id='line_1_17' title="bbox 61 1847 1063 1933; baseline 0 -20"><span class='ocrx_word' id='word_1_107' title='bbox 61 1850 219 1927; x_wconf 84' lang='lat' dir='ltr'>humidis,</span> <span class='ocrx_word' id='word_1_108' title='bbox 258 1869 322 1933; x_wconf 93' lang='lat' dir='ltr'>quo</span> <span class='ocrx_word' id='word_1_109' title='bbox 345 1853 403 1911; x_wconf 83' lang='lat' dir='ltr'>vix</span> <span class='ocrx_word' id='word_1_110' title='bbox 424 1853 595 1931; x_wconf 88' lang='lat' dir='ltr'>penetrari</span> <span class='ocrx_word' id='word_1_111' title='bbox 616 1861 743 1929; x_wconf 86' lang='lat' dir='ltr'>potest,</span> <span class='ocrx_word' id='word_1_112' title='bbox 779 1847 880 1910; x_wconf 84' lang='lat' dir='ltr'>dives.</span> <span class='ocrx_word' id='word_1_113' title='bbox 930 1850 1063 1913; x_wconf 79' lang='lat' dir='ltr'>Plantae</span> 
     </span>
     <span class='ocr_line' id='line_1_18' title="bbox 12 1950 1132 2035; baseline 0.003 -21"><span class='ocrx_word' id='word_1_114' title='bbox 12 1982 14 1991; x_wconf 74' lang='lat'>=</span> <span class='ocrx_word' id='word_1_115' title='bbox 62 1955 264 2032; x_wconf 81' lang='lat' dir='ltr'>sylvestres,</span> <span class='ocrx_word' id='word_1_116' title='bbox 302 1967 355 2028; x_wconf 86' lang='lat' dir='ltr'>et,</span> <span class='ocrx_word' id='word_1_117' title='bbox 395 1969 479 2035; x_wconf 80' lang='lat' dir='ltr'>quae</span> <span class='ocrx_word' id='word_1_118' title='bbox 506 1950 657 2011; x_wconf 84' lang='lat' dir='ltr'>umbram</span> <span class='ocrx_word' id='word_1_119' title='bbox 686 1963 815 2028; x_wconf 78' lang='lat' dir='ltr'>amant,</span> <span class='ocrx_word' id='word_1_120' title='bbox 851 1970 1064 2032; x_wconf 85' lang='lat' dir='ltr'>communes,</span> <span class='ocrx_word' id='word_1_121' title='bbox 1124 2008 1132 2017; x_wconf 80' lang='grc'>.</span> 
     </span>
     <span class='ocr_line' id='line_1_19' title="bbox 63 2040 1066 2136; baseline 0 -20"><span class='ocrx_word' id='word_1_122' title='bbox 63 2046 146 2136; x_wconf 84' lang='lat' dir='ltr'>quas</span> <span class='ocrx_word' id='word_1_123' title='bbox 180 2055 307 2116; x_wconf 82' lang='lat' dir='ltr'>scilicet</span> <span class='ocrx_word' id='word_1_124' title='bbox 338 2053 460 2114; x_wconf 83' lang='lat' dir='ltr'>foresta</span> <span class='ocrx_word' id='word_1_125' title='bbox 479 2040 654 2133; x_wconf 66' lang='lat' dir='ltr'>“pleraque</span> <span class='ocrx_word' id='word_1_126' title='bbox 684 2057 793 2116; x_wconf 88' lang='lat' dir='ltr'>omnia</span> <span class='ocrx_word' id='word_1_127' title='bbox 821 2069 1066 2133; x_wconf 72' lang='lat' dir='ltr'>progenerant,</span> 
     </span>
     <span class='ocr_line' id='line_1_20' title="bbox 33 2154 1063 2236; baseline 0.003 -20"><span class='ocrx_word' id='word_1_128' title='bbox 33 2213 38 2235; x_wconf 29' lang='lat' dir='ltr'>x</span> <span class='ocrx_word' id='word_1_129' title='bbox 64 2173 133 2217; x_wconf 89' lang='lat' dir='ltr'>non</span> <span class='ocrx_word' id='word_1_130' title='bbox 155 2157 333 2236; x_wconf 85' lang='lat' dir='ltr'>dispersas,</span> <span class='ocrx_word' id='word_1_131' title='bbox 363 2155 420 2218; x_wconf 90' lang='lat' dir='ltr'>sed</span> <span class='ocrx_word' id='word_1_132' title='bbox 441 2157 587 2235; x_wconf 82' lang='lat' dir='ltr'>magnis,</span> <span class='ocrx_word' id='word_1_133' title='bbox 615 2168 654 2214; x_wconf 90' lang='lat' dir='ltr'>ut</span> <span class='ocrx_word' id='word_1_134' title='bbox 675 2158 723 2216; x_wconf 84' lang='lat' dir='ltr'>ita</span> <span class='ocrx_word' id='word_1_135' title='bbox 750 2154 874 2232; x_wconf 87' lang='lat' dir='ltr'>dicam,</span> <span class='ocrx_word' id='word_1_136' title='bbox 905 2157 1063 2236; x_wconf 75' lang='lat' dir='ltr'>gregibus</span> 
     </span>
     <span class='ocr_line' id='line_1_21' title="bbox 65 2237 1064 2333; baseline 0.004 -14"><span class='ocrx_word' id='word_1_137' title='bbox 65 2255 260 2319; x_wconf 86' lang='lat' dir='ltr'>coadunatas</span> <span class='ocrx_word' id='word_1_138' title='bbox 275 2257 328 2315; x_wconf 88' lang='lat' dir='ltr'>hic</span> <span class='ocrx_word' id='word_1_139' title='bbox 342 2259 527 2333; x_wconf 56' lang='lat' dir='ltr'>invenerim</span> <span class='ocrx_word' id='word_1_140' title='bbox 549 2260 615 2333; x_wconf 89' lang='lat' dir='ltr'>ita,</span> <span class='ocrx_word' id='word_1_141' title='bbox 635 2271 673 2318; x_wconf 92' lang='lat' dir='ltr'>ut</span> <span class='ocrx_word' id='word_1_142' title='bbox 689 2263 882 2321; x_wconf 86' lang='lat' dir='ltr'>catervatim</span> <span class='ocrx_word' id='word_1_143' title='bbox 899 2261 944 2318; x_wconf 91' lang='lat' dir='ltr'>ibi</span> <span class='ocrx_word' id='word_1_144' title='bbox 965 2237 1064 2323; x_wconf 83' lang='lat' dir='ltr'>colle·</span> 
     </span>
    </p>

    <p class='ocr_par' dir='ltr' id='par_1_3' title="bbox 28 2342 1156 3858">
     <span class='ocr_line' id='line_1_22' title="bbox 64 2342 1064 2442; baseline 0.004 -23"><span class='ocrx_word' id='word_1_145' title='bbox 64 2359 169 2442; x_wconf 68' lang='lat' dir='ltr'>gendi&#39;</span> <span class='ocrx_word' id='word_1_146' title='bbox 181 2342 391 2419; x_wconf 79' lang='lat' dir='ltr'>commoditas</span> <span class='ocrx_word' id='word_1_147' title='bbox 406 2362 615 2439; x_wconf 84' lang='lat' dir='ltr'>praestosit,</span> <span class='ocrx_word' id='word_1_148' title='bbox 638 2361 800 2440; x_wconf 91' lang='lat' dir='ltr'>quidquid</span> <span class='ocrx_word' id='word_1_149' title='bbox 818 2361 896 2421; x_wconf 86' lang='lat' dir='ltr'>alias</span> <span class='ocrx_word' id='word_1_150' title='bbox 919 2361 1064 2440; x_wconf 88' lang='lat' dir='ltr'>disjunc-</span> 
     </span>
     <span class='ocr_line' id='line_1_23' title="bbox 64 2459 1156 2552; baseline 0.005 -28"><span class='ocrx_word' id='word_1_151' title='bbox 64 2468 126 2524; x_wconf 84' lang='lat' dir='ltr'>tim</span> <span class='ocrx_word' id='word_1_152' title='bbox 152 2475 185 2524; x_wconf 88' lang='lat' dir='ltr'>et</span> <span class='ocrx_word' id='word_1_153' title='bbox 212 2461 353 2539; x_wconf 83' lang='lat' dir='ltr'>singulis</span> <span class='ocrx_word' id='word_1_154' title='bbox 379 2459 534 2522; x_wconf 73' lang='lat' dir='ltr'>duntaxat</span> <span class='ocrx_word' id='word_1_155' title='bbox 556 2460 797 2540; x_wconf 81' lang='lat' dir='ltr'>exemplaribus</span> <span class='ocrx_word' id='word_1_156' title='bbox 822 2463 1006 2542; x_wconf 72' lang='lat' dir='ltr'>bacillave</span> <span class='ocrx_word' id='word_1_157' title='bbox 1027 2467 1065 2525; x_wconf 88' lang='lat' dir='ltr'>in</span> <span class='ocrx_word' id='word_1_158' title='bbox 1142 2522 1156 2552; x_wconf 54' lang='lat' dir='ltr'>s</span> 
     </span>
     <span class='ocr_line' id='line_1_24' title="bbox 64 2564 1063 2646; baseline 0.001 -20"><span class='ocrx_word' id='word_1_159' title='bbox 64 2567 159 2645; x_wconf 81' lang='lat' dir='ltr'>sylva</span> <span class='ocrx_word' id='word_1_160' title='bbox 174 2584 242 2626; x_wconf 91' lang='lat' dir='ltr'>non</span> <span class='ocrx_word' id='word_1_161' title='bbox 257 2569 374 2646; x_wconf 83' lang='lat' dir='ltr'>exigua</span> <span class='ocrx_word' id='word_1_162' title='bbox 397 2584 498 2646; x_wconf 82' lang='lat' dir='ltr'>opera</span> <span class='ocrx_word' id='word_1_163' title='bbox 521 2568 719 2645; x_wconf 88' lang='lat' dir='ltr'>conquirere</span> <span class='ocrx_word' id='word_1_164' title='bbox 744 2564 891 2629; x_wconf 85' lang='lat' dir='ltr'>deberes.</span> <span class='ocrx_word' id='word_1_165' title='bbox 934 2564 1063 2628; x_wconf 86' lang='lat' dir='ltr'>Mulie·</span> 
     </span>
     <span class='ocr_line' id='line_1_25' title="bbox 63 2650 1064 2758; baseline 0.001 -28"><span class='ocrx_word' id='word_1_166' title='bbox 63 2684 131 2746; x_wconf 82' lang='lat' dir='ltr'>res,</span> <span class='ocrx_word' id='word_1_167' title='bbox 162 2685 244 2750; x_wconf 87' lang='lat' dir='ltr'>quae</span> <span class='ocrx_word' id='word_1_168' title='bbox 265 2666 731 2758; x_wconf 80' lang='lat' dir='ltr'>colligendisvendendisque</span> <span class='ocrx_word' id='word_1_169' title='bbox 754 2668 868 2731; x_wconf 86' lang='lat' dir='ltr'>herbis</span> <span class='ocrx_word' id='word_1_170' title='bbox 889 2650 1064 2750; x_wconf 85' lang='lat' dir='ltr'>quaestum</span> 
     </span>
     <span class='ocr_line' id='line_1_26' title="bbox 31 2758 1131 2853; baseline 0 -22"><span class='ocrx_word' id='word_1_171' title='bbox 31 2782 33 2793; x_wconf 50' lang='lat'>⁸</span> <span class='ocrx_word' id='word_1_172' title='bbox 62 2769 206 2842; x_wconf 76' lang='lat' dir='ltr'>iaciunt,</span> <span class='ocrx_word' id='word_1_173' title='bbox 228 2769 372 2853; x_wconf 81' lang='lat' dir='ltr'>indeque</span> <span class='ocrx_word' id='word_1_174' title='bbox 400 2790 493 2832; x_wconf 82' lang='lat' dir='ltr'>suum</span> <span class='ocrx_word' id='word_1_175' title='bbox 526 2774 714 2832; x_wconf 86' lang='lat' dir='ltr'>sortiuntur</span> <span class='ocrx_word' id='word_1_176' title='bbox 743 2758 1062 2850; x_wconf 82' lang='lat' dir='ltr'>denominationem,</span> <span class='ocrx_word' id='word_1_177' title='bbox 1125 2794 1131 2801; x_wconf 91' lang='lat'>·</span> 
     </span>
     <span class='ocr_line' id='line_1_27' title="bbox 63 2869 1064 2956; baseline -0.002 -23"><span class='ocrx_word' id='word_1_178' title='bbox 63 2871 140 2947; x_wconf 87' lang='lat' dir='ltr'>dum</span> <span class='ocrx_word' id='word_1_179' title='bbox 154 2869 281 2951; x_wconf 86' lang='lat' dir='ltr'>plantas</span> <span class='ocrx_word' id='word_1_180' title='bbox 292 2886 324 2932; x_wconf 89' lang='lat' dir='ltr'>et</span> <span class='ocrx_word' id='word_1_181' title='bbox 338 2872 455 2934; x_wconf 86' lang='lat' dir='ltr'>herbas</span> <span class='ocrx_word' id='word_1_182' title='bbox 466 2873 797 2956; x_wconf 8' lang='lat' dir='ltr'>recentesqlloresque</span> <span class='ocrx_word' id='word_1_183' title='bbox 811 2876 848 2936; x_wconf 87' lang='lat' dir='ltr'>in</span> <span class='ocrx_word' id='word_1_184' title='bbox 860 2874 933 2954; x_wconf 67' lang='lat' dir='ltr'>foro</span> <span class='ocrx_word' id='word_1_185' title='bbox 959 2873 1008 2932; x_wconf 90' lang='lat' dir='ltr'><em>W</em></span> <span class='ocrx_word' id='word_1_186' title='bbox 1012 2881 1064 2934; x_wconf 81' lang='lat' dir='ltr'>ir·</span> 
     </span>
     <span class='ocr_line' id='line_1_28' title="bbox 62 2960 1135 3058; baseline 0.007 -26"><span class='ocrx_word' id='word_1_187' title='bbox 62 2973 302 3052; x_wconf 78' lang='lat' dir='ltr'>eeburgensi</span> <span class='ocrx_word' id='word_1_188' title='bbox 324 2973 363 3035; x_wconf 88' lang='lat' dir='ltr'>ad</span> <span class='ocrx_word' id='word_1_189' title='bbox 383 2992 480 3035; x_wconf 91' lang='lat' dir='ltr'>usum</span> <span class='ocrx_word' id='word_1_190' title='bbox 498 2995 634 3054; x_wconf 80' lang='lat' dir='ltr'>eorum,</span> <span class='ocrx_word' id='word_1_191' title='bbox 654 2960 713 3058; x_wconf 39' lang='lat' dir='ltr'>‘qui</span> <span class='ocrx_word' id='word_1_192' title='bbox 729 2994 809 3038; x_wconf 83' lang='lat' dir='ltr'>vere</span> <span class='ocrx_word' id='word_1_193' title='bbox 830 2997 929 3038; x_wconf 84' lang='lat' dir='ltr'>novo</span> <span class='ocrx_word' id='word_1_194' title='bbox 940 2995 1063 3039; x_wconf 82' lang='lat' dir='ltr'>annua·</span> <span class='ocrx_word' id='word_1_195' title='bbox 1129 3048 1135 3056; x_wconf 24' lang='grc' dir='ltr'>ἱ</span> 
     </span>
     <span class='ocr_line' id='line_1_29' title="bbox 28 3058 1063 3149; baseline 0.005 -12"><span class='ocrx_word' id='word_1_196' title='bbox 28 3080 31 3086; x_wconf 85' lang='grc'>’</span> <span class='ocrx_word' id='word_1_197' title='bbox 61 3079 126 3137; x_wconf 90' lang='lat' dir='ltr'>tim</span> <span class='ocrx_word' id='word_1_198' title='bbox 141 3095 233 3136; x_wconf 87' lang='lat' dir='ltr'>suam</span> <span class='ocrx_word' id='word_1_199' title='bbox 252 3091 415 3138; x_wconf 88' lang='lat' dir='ltr'>conantur</span> <span class='ocrx_word' id='word_1_200' title='bbox 431 3090 617 3138; x_wconf 85' lang='lat' dir='ltr'>restaurare</span> <span class='ocrx_word' id='word_1_201' title='bbox 636 3081 831 3149; x_wconf 80' lang='lat' dir='ltr'>sanitatem,</span> <span class='ocrx_word' id='word_1_202' title='bbox 858 3098 984 3140; x_wconf 88' lang='lat' dir='ltr'>venum</span> <span class='ocrx_word' id='word_1_203' title='bbox 1008 3058 1063 3143; x_wconf 65' lang='lat' dir='ltr'>en·</span> 
     </span>
     <span class='ocr_line' id='line_1_30' title="bbox 63 3178 1063 3262; baseline 0.006 -24"><span class='ocrx_word' id='word_1_204' title='bbox 63 3194 211 3258; x_wconf 78' lang='lat' dir='ltr'>ponunt,</span> <span class='ocrx_word' id='word_1_205' title='bbox 235 3178 288 3240; x_wconf 87' lang='lat' dir='ltr'>vel</span> <span class='ocrx_word' id='word_1_206' title='bbox 304 3178 566 3262; x_wconf 85' lang='lat' dir='ltr'>pharmacopolis</span> <span class='ocrx_word' id='word_1_207' title='bbox 586 3179 713 3261; x_wconf 79' lang='lat' dir='ltr'>plantae</span> <span class='ocrx_word' id='word_1_208' title='bbox 733 3181 946 3244; x_wconf 75' lang='lat' dir='ltr'>medicinales</span> <span class='ocrx_word' id='word_1_209' title='bbox 973 3181 1063 3244; x_wconf 83' lang='lat' dir='ltr'>a&#39;dle·</span> 
     </span>
     <span class='ocr_line' id='line_1_31' title="bbox 63 3274 1064 3366; baseline 0.008 -28"><span class='ocrx_word' id='word_1_210' title='bbox 63 3294 161 3353; x_wconf 78' lang='lat' dir='ltr'>runt,</span> <span class='ocrx_word' id='word_1_211' title='bbox 183 3281 343 3363; x_wconf 88' lang='lat' dir='ltr'>quidquid</span> <span class='ocrx_word' id='word_1_212' title='bbox 362 3295 551 3350; x_wconf 70' lang='lat' dir='ltr'>esseorum</span> <span class='ocrx_word' id='word_1_213' title='bbox 563 3274 752 3358; x_wconf 61' lang='lat' dir='ltr'>tusseium,</span> <span class='ocrx_word' id='word_1_214' title='bbox 791 3303 809 3347; x_wconf 92' lang='lat' dir='ltr'>e</span> <span class='ocrx_word' id='word_1_215' title='bbox 829 3286 923 3363; x_wconf 81' lang='lat' dir='ltr'>sylva</span> <span class='ocrx_word' id='word_1_216' title='bbox 941 3297 1064 3366; x_wconf 88' lang='lat' dir='ltr'>petunt</span> 
     </span>
     <span class='ocr_line' id='line_1_32' title="bbox 65 3387 1062 3465; baseline 0 -21"><span class='ocrx_word' id='word_1_217' title='bbox 65 3398 356 3465; x_wconf 74' lang='lat' dir='ltr'>componuntque,</span> <span class='ocrx_word' id='word_1_218' title='bbox 395 3403 492 3464; x_wconf 87' lang='lat' dir='ltr'>quam</span> <span class='ocrx_word' id='word_1_219' title='bbox 520 3387 789 3462; x_wconf 82' lang='lat' dir='ltr'>nominavimus;</span> <span class='ocrx_word' id='word_1_220' title='bbox 830 3401 865 3449; x_wconf 87' lang='lat' dir='ltr'>et</span> <span class='ocrx_word' id='word_1_221' title='bbox 889 3405 966 3448; x_wconf 83' lang='lat' dir='ltr'>sane</span> <span class='ocrx_word' id='word_1_222' title='bbox 999 3403 1062 3447; x_wconf 91' lang='lat' dir='ltr'>nec</span> 
     </span>
     <span class='ocr_line' id='line_1_33' title="bbox 61 3485 1063 3570; baseline 0.003 -25"><span class='ocrx_word' id='word_1_223' title='bbox 61 3485 189 3546; x_wconf 85' lang='lat' dir='ltr'>blandis</span> <span class='ocrx_word' id='word_1_224' title='bbox 212 3487 321 3552; x_wconf 86' lang='lat' dir='ltr'>verbis</span> <span class='ocrx_word' id='word_1_225' title='bbox 342 3506 403 3549; x_wconf 91' lang='lat' dir='ltr'>nec</span> <span class='ocrx_word' id='word_1_226' title='bbox 426 3490 588 3569; x_wconf 79' lang='lat' dir='ltr'>pecuniae</span> <span class='ocrx_word' id='word_1_227' title='bbox 613 3502 744 3568; x_wconf 87' lang='lat' dir='ltr'>egomet</span> <span class='ocrx_word' id='word_1_228' title='bbox 763 3490 970 3570; x_wconf 80' lang='lat' dir='ltr'>saepiuscule</span> <span class='ocrx_word' id='word_1_229' title='bbox 987 3503 1063 3568; x_wconf 83' lang='lat' dir='ltr'>par·</span> 
     </span>
     <span class='ocr_line' id='line_1_34' title="bbox 61 3589 1064 3671; baseline 0.003 -22"><span class='ocrx_word' id='word_1_230' title='bbox 61 3607 136 3650; x_wconf 85' lang='lat' dir='ltr'>cere</span> <span class='ocrx_word' id='word_1_231' title='bbox 158 3591 272 3671; x_wconf 88' lang='lat' dir='ltr'>potui,</span> <span class='ocrx_word' id='word_1_232' title='bbox 296 3608 349 3650; x_wconf 86' lang='lat' dir='ltr'>eas</span> <span class='ocrx_word' id='word_1_233' title='bbox 370 3604 409 3650; x_wconf 92' lang='lat' dir='ltr'>ut</span> <span class='ocrx_word' id='word_1_234' title='bbox 429 3589 650 3668; x_wconf 54' lang='lat' dir='ltr'>adduceremy</span> <span class='ocrx_word' id='word_1_235' title='bbox 670 3606 709 3651; x_wconf 90' lang='lat' dir='ltr'>ut</span> <span class='ocrx_word' id='word_1_236' title='bbox 730 3593 767 3650; x_wconf 88' lang='lat' dir='ltr'>in</span> <span class='ocrx_word' id='word_1_237' title='bbox 787 3592 845 3653; x_wconf 91' lang='lat' dir='ltr'>illa</span> <span class='ocrx_word' id='word_1_238' title='bbox 867 3592 1064 3669; x_wconf 78' lang='lat' dir='ltr'>Sanctuarie</span> 
     </span>
     <span class='ocr_line' id='line_1_35' title="bbox 61 3691 1062 3774; baseline 0.001 -20"><span class='ocrx_word' id='word_1_239' title='bbox 61 3691 330 3772; x_wconf 84' lang='lat' dir='ltr'>absconditasque</span> <span class='ocrx_word' id='word_1_240' title='bbox 356 3705 390 3752; x_wconf 90' lang='lat' dir='ltr'>et</span> <span class='ocrx_word' id='word_1_241' title='bbox 423 3691 544 3770; x_wconf 83' lang='lat' dir='ltr'>procul</span> <span class='ocrx_word' id='word_1_242' title='bbox 571 3691 700 3756; x_wconf 77' lang='lat' dir='ltr'>dissitas</span> <span class='ocrx_word' id='word_1_243' title='bbox 723 3693 837 3773; x_wconf 82' lang='lat' dir='ltr'>sylvae</span> <span class='ocrx_word' id='word_1_244' title='bbox 862 3692 973 3774; x_wconf 74' lang='lat' dir='ltr'>plagas</span> <span class='ocrx_word' id='word_1_245' title='bbox 995 3692 1062 3764; x_wconf 75' lang='lat' dir='ltr'>adi·</span> 
     </span>
     <span class='ocr_line' id='line_1_36' title="bbox 640 3795 1061 3858; baseline 0.01 -6"><span class='ocrx_word' id='word_1_246' title='bbox 640 3795 703 3855; x_wconf 79' lang='lat' dir='ltr'>bo</span> <span class='ocrx_word' id='word_1_247' title='bbox 948 3839 959 3847; x_wconf 91' lang='lat'><em>-</em></span> <span class='ocrx_word' id='word_1_248' title='bbox 988 3809 1061 3858; x_wconf 83' lang='lat' dir='ltr'>tum</span> 
     </span>
    </p>
   </div>
   <div class='ocr_carea' id='block_1_3' title="bbox 0 0 1190 4276">
    <p class='ocr_par' dir='ltr' id='par_1_4' title="bbox 0 0 1190 4276">
     <span class='ocr_line' id='line_1_37' title="bbox 0 0 1190 4276; baseline 0 0"><span class='ocrx_word' id='word_1_249' title='bbox 0 0 1190 4276; x_wconf 95' lang='lat' dir='ltr'> </span> 
     </span>
    </p>
   </div>
  </div>
 </body>
</html>
