2370 4276
120 122 166 173 vt

118 353 173 409 tes
189 335 342 434 plantas
360 334 511 433 aliquot
525 330 567 404 in
578 334 694 405 horto
706 334 837 409 cultas
846 336 961 408 oculis
974 334 1056 407 teni·

116 470 361 549 somnolentis
371 469 585 568 subjiciunt,
594 473 753 569 hocque
768 494 938 573 excepto
944 496 1003 545 nec
1009 496 1058 543 ex.

115 614 204 686 teris
212 634 284 685 nec
292 606 479 708 indigenis
487 594 645 706 operasti
655 611 720 679 vel
728 608 895 685 minime
904 608 1060 711 frugisplc

114 777 225 823 ,nam
242 768 282 821 et
295 747 456 819 Publico
470 746 603 818 utilem
617 772 798 845 unquam
809 750 1062 851 impendeant.

208 889 318 959 Haec
328 905 428 973 sunt,
442 907 547 981 quae
560 886 693 974 sentio,
711 886 865 962 sincere
882 894 1064 977 declarant,

116 1054 217 1117 eum,
234 1050 315 1124 quo
335 1050 385 1096 cx
402 1022 652 1099 celeberrimis
670 1026 878 1101 doctrinae
894 1026 1064 1101 herbariae

114 1165 318 1239 statoribus
346 1182 386 1235 et
408 1160 667 1261 antesignanis
680 1166 880 1239 nonnulli
903 1190 1064 1240 rneorna·

113 1326 217 1393 runt,
243 1305 487 1402 adplausum‚
527 1324 724 1413 quemque
764 1328 844 1377 nec
889 1304 1065 1405 indigenae

113 1449 221 1519 haud
246 1448 345 1515 adeo
371 1437 506 1540 pauci,
546 1444 713 1511 eundem
745 1442 902 1539 patriae
917 1464 1062 1516 amorem

112 1608 265 1659 mecum
282 1583 568 1680 participantes
575 1600 614 1650 et
629 1577 796 1667 honoris,
809 1606 894 1679 quo
904 1581 968 1655 illa
980 1604 1064 1653 mac·

112 1745 363 1818 tatur,aeque
373 1716 527 1791 studiosi
539 1717 720 1789 mihinon
727 1722 941 1821 denegant,
949 1724 1064 1793 ducent

112 1862 204 1937 mihi
223 1859 382 1932 unicum
399 1858 440 1929 in
461 1856 696 1955 perferendis
711 1857 958 1959 feliciterque
974 1880 1067 1956 supc-

112 2000 254 2087 randis,
269 2020 366 2096 quos
384 1999 517 2068 futuro
527 1994 692 2093 tempori
699 2020 869 2087 reservo,
882 1998 1066 2081 laboribus,

112 2142 303 2237 simulque
327 2133 586 2207 dulcissimum
619 2158 752 2209 eorum
785 2140 972 2213 levamen
992 2140 1067 2209 fore.

184 2278 300 2374 Quod
323 2274 517 2373 reliquum
541 2296 614 2365 est,
639 2299 725 2347 eam
749 2274 896 2349 Florae
924 2296 1067 2375 partem,
1104 2330 1106 2340 .

111 2445 216 2520 quae
232 2421 281 2489 de
296 2414 437 2514 plantis
454 2411 746 2513 cryptogamicis
765 2432 927 2505 tractat,
949 2436 1068 2515 quam·

110 2560 278 2661 primum
291 2578 421 2627 rerum
438 2550 622 2650 adjuncta
643 2551 779 2639 sinent,
796 2572 838 2625 et
856 2552 1069 2655 locupletio-

109 2722 168 2771 res
186 2699 375 2795 quasdam
392 2692 495 2765 hisce
510 2688 705 2791 productis
727 2690 907 2793 regiones
926 2697 1072 2766 adcura-

109 2837 197 2923 tius‚
207 2857 326 2932 qnam
341 2831 499 2930 quidem
514 2836 700 2905 hactenus
711 2828 793 2903 fieri
801 2852 974 2931 poterat,
984 2852 1072 2906 sont·

109 2994 211 3047 tatus
237 2974 367 3057 suero,
388 2995 462 3043 nec
485 2995 568 3042 non
597 2968 835 3069 spicilegium
859 2972 1073 3069 plantarunt

110 3113 390 3213 indigenarum,
414 3134 518 3208 quae
540 3113 726 3181 hactenus
751 3112 898 3181 desunt
923 3130 1074 3182 nument

109 3278 202 3326 sane
214 3254 320 3331 haud
335 3274 489 3349 magno,
495 3246 603 3319 brevi
612 3246 821 3320 intervallo
838 3252 956 3349 prelo
973 3246 1075 3323 tradi·

107 3416 191 3465 tum
207 3390 251 3464 iri
272 3394 453 3491 spondeo.
478 3388 578 3463 Vale
594 3388 741 3461 Lector
759 3388 960 3465 benevole
972 3410 1075 3463 etco-

106 3532 261 3606 natibus
284 3531 377 3605 meis
401 3531 515 3603 favel

937 3664 1077 3745 ctis-
