2370 4276
999 164 1081 222 xxxi
1158 157 1160 161 ‘

136 355 139 363 ·
160 317 273 406 Quum
298 319 406 380 omnis
432 317 524 396 regio
553 314 771 374 Rhoenana
792 317 963 395 humidos,
991 322 1083 402 palu·
1140 347 1147 356 *

101 425 195 486 dosos
217 423 272 482 vel
287 420 554 483 inundationibus
575 423 740 506 expositos
758 419 942 499 districtus,
964 443 1085 505 eosque
1110 469 1113 473 -

98 518 182 587 haud
196 541 333 606 paucos,
355 525 428 583 sinu
440 541 497 580 suo
516 523 769 599 complectatur,
796 522 892 582 facile
913 539 963 585 est
981 526 1017 585 ad
1035 530 1085 585 in·

96 623 342 707 teiligendum,
376 639 552 689 numerum
579 623 767 702 plantarum
799 628 1020 703 aquaticarum
1051 641 1084 688 et

99 727 346 812 paludosum,
371 744 453 806 quae
481 725 526 782 ibi
543 723 686 804 degunt,
712 726 806 790 ¹haud
826 745 896 788 esse
918 730 1081 808 exiguum.

98 830 275 895 Excedunt
298 847 374 904 prae
397 827 532 906 reliquis
551 825 632 886 duae
661 826 793 905 paludes
814 846 968 908 magnae,
991 830 1088 892 notae‘

52 924 54 931 γ
102 935 161 995 sub
178 935 310 991 nomine
337 929 401 988 des
421 925 560 987 rothen
579 925 645 987 und
675 927 913 988 aelswaraen
934 931 1084 996 Moero.

99 1035 162 1098 Illa
189 1050 302 1093 versus
330 1050 453 1113 pagum
485 1031 618 1108 Geras
620 1029 688 1087 ald
715 1029 870 1090 ambitum
899 1033 990 1094 milia
1013 1037 1086 1116 jug·

101 1157 219 1219 gerum
248 1152 313 1193 non
350 1133 460 1212 explet
477 1145 643 1207 ·tantum,
682 1132 738 1192 sed
772 1135 870 1193 etiem
903 1148 1085 1216 exsuperat.

100 1235 190 1300 Haec
206 1237 389 1317 vulgariter
411 1233 615 1292 Feldmuor
645 1233 822 1314 adpeti-ata,
850 1255 964 1297 versus
995 1234 1084 1295 Fla·

99 1340 261 1418 eitingen
291 1350 325 1396 et
354 1337 516 1392 Hauaen
537 1339 704 1399 sexcentis
735 1341 864 1398 circiter
896 1340 1097 1418 juggeribus‚

100 1454 283 1502 coercetur.
322 1435 364 1498 In
387 1449 532 1518 utraque
542 1454 652 1516 stagna
674 1442 810 1511 minoia¹
824 1459 899 1498 cum
915 1441 1013 1499 humo
1028 1463 1085 1520 pa-

102 1542 211 1602 ludusa
230 1540 425 1612 et'infiima,
460 1559 521 1599 uec
545 1559 704 1600 noncum
729 1543 833 1622 plagis
856 1561 966 1604 musco
986 1542 1085 1605 dense
1164 1598 1169 1613 ,

102 1647 239 1706 obtectis
263 1642 482 1703 diversimode
515 1641 687 1702 alternant.
742 1643 951 1705 Profunditas
970 1643 1086 1706 harum

103 1746 261 1827 paludum
279 1746 370 1804 nuile
390 1745 466 1804 binc
490 1743 566 1803 inde
588 1763 737 1804 mensura
757 1745 1021 1820 determinanda,
1052 1761 1087 1809 et

103 1849 338 1928 lenitatemue
357 1845 457 1925 uligo.
472 1845 555 1922 suli,
592 1850 628 1904 in
647 1866 711 1926 quo
730 1851 865 1907 minoris
887 1838 984 1908 etiam
1005 1869 1087 1927 pon·

100 1951 187 2011 deris
206 1966 341 2031 corpora
362 1948 455 2009 facile
479 1962 512 2008 et
531 1949 704 2008 confestim
727 1949 914 2025 subsident,
935 1969 972 2008 in
992 1968 1086 2010 causa

101 2067 169 2127 est,
198 2070 258 2111 cur
283 2050 352 2109 illas
375 2052 462 2129 justo
487 2055 623 2111 scrutari
656 2051 751 2110 modo
775 2051 913 2111 necdum
937 2051 1087 2128 licuerit3
1128 2109 1133 2118 ,
1178 2073 1183 2081 “

97 2167 138 2213 ..et
154 2171 211 2210 cur
229 2164 422 2228 tempestate
445 2166 573 2212 tantum
594 2154 788 2236 calidissima
812 2153 935 2215 sciendi
959 2154 1085 2233 cupidis

102 2255 220 2327 liceat,
256 2266 427 2331 penetrare
450 2244 486 2311 in
509 2272 561 2312 eas
584 2255 806 2332 profundius,
841 2268 937 2336 atque
957 2256 1087 2316 idoneas

105 2368 235 2423 tentare
257 2352 526 2434 disquisitiones,
561 2355 647 2434 quod
665 2371 772 2415 tamen
794 2358 908 2435 ipsum
927 2355 1011 2415 haud
1031 2355 1087 2415 ali.
1155 2358 1158 2365 '

104 2470 178 2535 ieie,
214 2477 311 2538 quam
330 2475 405 2516 cum
434 2459 587 2516 cautione
613 2456 683 2515 fieri
702 2456 806 2515 debet.
857 2455 1030 2518 Praeterea
1052 2462 1089 2517 in

104 2562 295 2641 regionibus
325 2557 555 2655 Rhoe-nuliis
577 2554 762 2638 complures
784 2556 888 2619 adhuc
913 2578 1089 2619 numeran-

104 2679 161 2725 tut
174 2666 297 2747 partim
317 2661 456 2738 majores
473 2663 593 2741 partim
617 2660 758 2722 minores
773 2652 938 2742 paludes,
961 2673 1090 2740 stagna,

105 2766 235 2838 fontes,
254 2766 320 2824 rivi
337 2777 370 2823 et
385 2763 496 2838 duvii,
517 2764 554 2821 in
574 2762 692 2843 quibus
716 2777 751 2822 et
765 2762 803 2822 ad
825 2780 907 2843 quos
928 2763 1017 2822 varia
1031 2778 1089 2821 no·

106 2864 403 2948 tatuqucdigniora
417 2862 613 2949 vegetabilia
624 2861 782 2924 habitant.
824 2887 828 2895 ·

169 3106 305 3174 Praeter
320 3106 477 3172 hactenus
496 3115 699 3170 enumeratas
716 3127 781 3169 non
795 3109 909 3188 exigua
929 3109 964 3169 in
983 3106 1028 3164 M
1030 3126 1093 3187 ag-

112 3229 157 3272 no
188 3214 349 3273 Dueatu
380 3210 719 3288 Wireeburgenei
747 3206 910 3285 sylvarum
935 3210 1095 3286 majorum

102 3319 342 3394 minorumque
362 3310 654 3392 comprehenditur
681 3312 790 3390 copia,
811 3302 892 3391 quae
918 3310 1094 3390 prosarie
1131 3354 1135 3367 .

109 3435 169 3479 aua
191 3415 374 3474 conditione
397 3415 524 3494 pituitae
546 3411 617 3472 illas
636 3429 766 3487 omnes,
798 3413 927 3473 arbores
945 3425 977 3471 et
997 3414 1097 3471 [ruti-

113 3537 167 3578 ces
192 3515 316 3576 abunde
332 3520 409 3578 satis
434 3515 624 3598 proferunt,
651 3532 733 3593 quae
748 3513 876 3573 talibus·
891 3517 928 3574 in
946 3511 1027 3574 locis
1044 3528 1097 3572 ex·

638 3635 656 3674 a
676 3631 695 3672 2
1013 3627 1097 3671 state
1128 3620 1141 3641 ³
