2370 4276
273 138 564 219 erumnam,
605 138 909 205 nouaunura
1036 102 1109 225 331'

96 308 196 371 Pers.
217 327 287 385 syn.
308 307 353 390 pt
374 306 399 369 L
420 328 448 370 c.
471 304 593 387 Hoffm.
616 304 730 369 Germ.
751 306 817 373 Le.
837 308 890 368 De
911 306 988 367 Vest
1002 308 1054 375 M.
1067 311 1098 372 b.

97 432 138 495 p.
158 426 231 492 239.
251 411 340 491 Joeq.
358 412 403 473 Ic.
418 411 465 492 pl.
483 430 547 473 rar.
563 425 588 474 t.
605 411 698 489 598.)

68 534 71 539 ’
105 532 148 596 O.
174 538 341 593 cinereo
361 530 504 593 Sclaveni·
534 534 633 610 bajer.
651 534 702 597 Fl.
717 534 745 597 I.
761 556 795 616 p.
811 550 884 616 241.

102 654 319 733 Zoopltoro
339 656 494 715 nibella
513 655 632 721 Bemlr.
652 658 724 721 Erf.
742 679 777 740 p.
790 669 862 739 311.

74 848 78 855 ¹
99 780 239 841 Person.
261 782 345 844 Flor.
366 780 450 856 Maj.
471 781 575 840 lunio.

66 904 69 909 '
168 903 269 969 Has.
305 909 347 963 iu
381 908 524 983 pratis
552 903 818 974 siccioribus,
854 907 897 963 iu
924 908 1100 969 collibus

99 1010 362 1089 graminosis
392 1022 427 1068 st
454 1005 839 1097 inloeistherbidis
868 1013 994 1085 juxto
1019 1011 1100 1093 syl-

103 1131 194 1182 vas,
216 1119 340 1171 etiam
363 1116 408 1171 in
428 1112 598 1172 caeduis
614 1114 775 1188 possim
791 1110 1000 1195 frequens.

172 1236 270 1295 Bulbi
294 1235 612 1320 oblongo-rotundi.
656 1234 764 1297 Cauiis
782 1232 910 1319 pedalis
933 1250 967 1299 et
987 1239 1103 1319 major,

103 1336 260 1403 foliosus.
303 1341 395 1401 Folio
412 1342 612 1423 vaginantia‚
633 1338 929 1418 lato-lanceolata,
946 1339 1032 1403 laete
1046 1346 1102 1404 vi*

60 1476 63 1485 ·
104 1440 206 1519 ridia,
224 1445 444 1521 immaculata,
457 1442 565 1503 subtus·
583 1442 756 1525 pallidiora
772 1442 887 1510 nitida.
931 1440 1028 1522 Spica
1050 1465 1103 1507 co·

106 1548 195 1619 nica,
214 1561 319 1625 acuta,
340 1551 498 1629 speciosa,
516 1546 710 1622 multiflora,
727 1544 952 1609 densiuscula:
966 1546 1105 1627 floribus

108 1666 151 1713 ex
169 1647 274 1709 albido
297 1662 330 1710 et
350 1653 483 1710 cinereo
504 1650 827 1733 purpurascentibus,
869 1650 1024 1709 Broateae
1039 1651 1106 1711 mi·

87 1753 321 1829 *notissimae
342 1753 630 1834 squamaeformes‚
646 1771 741 1834 saepe
764 1740 864 1815 etiam
886 1752 1007 1817 nullae.
1034 1754 1106 1813 Lo-

103 1854 198 1943 bium
230 1854 517 1933 candidissimum„
530 1859 678 1937 margine
697 1855 877 1937 rubellum,
904 1876 1001 1937 supro
1026 1860 1107 1945 pilis

108 1954 294 2043 purpureis
313 1948 519 2023 fasciculatis.
541 1958 739 2042 praeditum.

60 2144 62 2155 ,
134 2090 137 2097 “
176 2082 292 2144 Variat
313 2083 433 2141 corollis
454 2084 580 2145 carneis
603 2096 637 2145 et
659 2082 784 2147 albidis.

177 2205 286 2282 Bulbi,
303 2195 357 2269 uti
374 2211 411 2268 in
432 2208 610 2290 prioribus,
630 2204 723 2266 valde
743 2204 971 2289 mucilaginosi
994 2208 1071 2271 roci
1077 2212 1109 2271 i-

110 2328 198 2371 σου»
218 2330 350 2392 quoque
372 2311 499 2387 Solap
522 2309 730 2371 officinarum
752 2310 923 2390 praebent.

180 2461 338 2526 Occurrit
353 2464 431 2524 labii
448 2462 617 2525 inferioris
634 2460 701 2520 Iobo
719 2460 817 2519 medio
841 2460 1031 2524 lateralibus
1052 2462 1112 2525 ‹lu-

112 2565 175 2650 plo
189 2565 261 2628 fere
283 2567 435 2647 longiore
454 2581 487 2627 et
505 2585 624 2648 parum
640 2563 810 2646 longiore,
832 2564 910 2622 lobia
931 2562 1113 2627 lateralibus

115 2672 224 2750 magis
243 2670 430 2732 divaricatis
448 2666 719 2750 subpetentibus.
743 2664 902 2744 (Zooph.
924 2676 1112 2747 atropur·

109 2793 246 2863 purga
267 2771 561 2844 Bernh.Erf.l.c.)
603 2768 658 2831 Au
687 2788 769 2832 vero
804 2770 1005 2851 peculiarem
1034 2792 1114 2853 ope·

60 2898 69 2905 ·
116 2878 205 2939 ciem
218 2878 420 2938 constituere
438 2887 617 2949 mereatur,
631 2870 944 2935 adhucdumdubito.
966 2872 1007 2935 In
1024 2874 1113 2935 nital-

117 2979 163 3040 tis
187 2980 276 3038 enim
297 2978 532 3060 speciminibus
553 2980 656 3055 vivis,
677 2996 759 3061 quae
785 2994 869 3041 sntio
888 2976 1116 3059 praeterlapsae

121 3099 252 3147 summo
276 3080 385 3143 studio
411 3082 608 3159 examinavi,
630 3082 666 3141 in
686 3082 788 3142 variis
811 3080 961 3157 ejusdem
984 3078 1116 3159 plantae

121 3182 255 3247 iloribus
266 3183 369 3245 bance
388 3189 609 3246 variationem
623 3182 752 3265 pluries
768 3182 952 3242 observavi.

183 3342 217 3423 7)
241 3340 280 3404 0.
304 3340 437 3421 suasa
461 3336 581 3400 labello
600 3339 774 3418 3·partito
795 3330 1116 3415 punctam-scabro,

121 3446 252 3513 laciniis
272 3440 461 3505 lateralibus
487 3440 638 3521 oblongis
660 3440 807 3519 angustis
832 3436 1046 3515 subintegris,
1070 3440 1117 3496 in·

121 3546 283 3609 termedia
300 3545 472 3630 2·Partita
498 3541 666 3604 denticulo
686 3542 880 3618 interjecto:
902 3538 1054 3599 lacinulis
1071 3538 1118 3597 la·

126 3653 171 3716 tis
183 3651 319 3734 oblique
334 3649 499 3711 truncatis
512 3647 621 3708 astice
644 3642 835 3721 annulatis,
851 3642 971 3727 petalis
990 3646 1120 3725 superi·

1055 3764 1120 3805 ott·
