2362 4238
1 119 81 166 xvttt

9 271 177 349 cebargo
216 275 366 351 separat,
405 267 605 350 spectabilis.
630 269 747 347 sylva,
801 275 861 331 cui.
886 283 1011 335 nomen
1046 251 1051 258 ι

10 373 276 453 Waldskugel
297 371 441 433 inditum
460 385 529 447 est,
565 390 631 431 non
647 377 714 432 una
730 391 768 432 ex
789 378 882 452 part'e
901 374 1035 461 adtno·x

8 473 86 536 dum
111 490 279 552 montosa,
315 478 476 555 oppositis
494 482 562 534 non
585 478 698 553 paucis
724 472 866 545 vallibus
884 476 1016 556 partim'

6 599 167 662 perquam
195 579 359 649 umbtosis
394 562 634 665 etpaludosi's.
684 576 881 658 Complures
909 582 1011 642 etiam

7 683 129 744 ibidem
153 681 263 762 plagas
288 672 515 762 deprehendes
539 682 666 760 insigni
686 684 924 763 scaturiginum
949 701 1011 742 nu·

6 806 99 847 mero
123 797 330 866 persecatus,
367 784 554 864 passimque
584 797 675 844 tanta
695 777 897 846 frutetorum
916 789 1010 866 copia

7 879 166 962 consitas,
189 901 228 946 ut
255 896 432 966 penetrare
455 887 586 946 conanti
611 907 680 946 non
702 890 840 949 minima
860 907 895 948 se
919 887 1008 949 diffi-

8 992 110 1052 cultas
131 1002 297 1070 opponat3
319 1002 417 1070 quam
443 1003 524 1048 vero
542 992 647 1068 siquis
667 989 811 1050 masculo
831 995 940 1050 animo
958 998 1008 1051 se·

5 1092 73 1154 mel
99 1091 285 1168 devicerit,¹
320 1090 483 1170 condigno
499 1070 611 1169 ³hujus
634 1096 685 1151 sui
715 1092 835 1154 laboris
861 1097 1008 1173 praemio

5 1193 92 1256 houd
116 1213 278 1275 quaquam
299 1193 531 1269 mulctabitur,
568 1216 670 1275 quum
692 1195 854 1274 plurimae
877 1198 1008 1275 majoris

6 1295 266 1380 pulchritudinis
294 1294 424 1376 plantae
452 1311 486 1356 ot
511 1297 632 1356 herbae
660 1298 783 1359 ibidem
812 1289 930 1358 'llorere
957 1318 1008 1358 so·

2 1401 124 1476 leant,
140 1399 259 1479 quibus
279 1397 371 1474 sylva
387 1399 549 1460 hactenus
570 1400 654 1462 dicta
670 1403 886 1482 potissimum
909 1402 1007 1462 dites·

2 1517 57 1564 cll.

64 1654 184 1735 Neque
202 1653 337 1714 silentio
362 1651 643 1732 praetereundum
663 1654 835 1715 Forestum
862 1653 913 1711 W
917 1657 960 1712 ol
967 1653 1005 1712 ol-

2 1757 225 1822 brunnense
246 1754 285 1815 ad
316 1758 425 1815 vicum
455 1753 584 1815 scilicet
609 1755 871 1814 Waldbrunn
892 1763 1004 1845 sesqui
1040 1822 1042 1826 ,

2 1859 136 1918 milliari
165 1859 201 1918 ab
225 1859 306 1919 urbe
332 1856 383 1915 W
387 1856 666 1935 i'rceburgensi
693 1874 878 1935 remotum,
908 1875 942 1922 et
963 1861 1002 1921 ad

3 1961 92 2042 quod
117 1965 153 2020 in
170 1964 223 2022 via
244 1960 377 2043 publica
397 1957 711 2038 Hoeoltbergam
732 1980 872 2036 versus,
896 1965 1001 2022 curias

1 2063 254 2133 Ernocenses
277 2084 295 2122 a
318 2063 430 2124 dextra
450 2076 545 2143 parte
567 2064 828 2143 praetereundo,
857 2084 1002 2136 comm0⁶

1 2165 138 2227 dissime
160 2168 342 2247 pertinges.
394 2149 464 2226 Hac
486 2168 522 2224 in
545 2165 638 2243 sylva
658 2177 821 2226 scrutator
842 2170 892 2227 rei
921 2162 999 2232 h'erb

9 2273 111 2330 ·ariae
138 2273 175 2332 in
199 2289 254 2345 ea,
287 2288 384 2349 quam
404 2271 579 2348 speciatim
610 2265 884 2346 Hiiltnerderg
912 2269 1000 2348 apel-

0 2381 81 2452 tant,
103 2371 200 2457 plaga
219 2375 357 2432 maxima
374 2390 412 2430 ex
432 2386 527 2452 parte
543 2385 707 2448 montosa,
728 2389 827 2449 porro
843 2372 879 2430 in
900 2372 940 2428 N
943 2391 958 2427 e
967 2393 1001 2428 u·-

23 2496 80 2550 ee,
112 2475 278 2532 Millert
311 2488 345 2536 et
375 2473 641 2555 ltossbronneir
662 2471 826 2541 Leiden,
849 2474 999 2554 partibus

17 2599 72 2638 um
97 2578 256 2639 montosis
286 2590 360 2636 tum
393 2575 577 2657 paludosis,
614 2576 705 2655 justo
736 2578 815 2638 anni
848 2590 999 2657 tempore

0 2676 153 2740 raedam
168 2677 373 2760 locupletem
389 2679 499 2738 facien

60 2838 242 2920 Praecipua
262 2841 362 2899 etiam
388 2811 560 2897 men'tione
581 2833 678 2916 digna
699 2848 750 2896 est
773 2832 866 2913 sylva
891 2835 926 2895 V
929 2839 1000 2896 iti-

27 2940 336 3001 oeohheimensis
359 2958 434 3002 cum
452 2937 674 3017 adjacentibus
689 2939 901 3019 regionibus,
922 2959 1000 3021 par·

18 3049 64 3105 im
83 3047 168 3106 arvis
189 3040 362 3123 frugiferis
384 3040 443 3103 vel
458 3042 584 3118 vineis,
606 3044 729 3122 partim
752 3042 918 3103 montibus
937 3045 1001 3106 sic·

19 3151 66 3225 is,
88 3145 242 3230 lapidosis
256 3145 462 3225 multamque
482 3142 604 3205 calcem
621 3145 889 3221 continentibus,
911 3163 997 3206 cam·

0 3255 118 3332 isque
134 3250 286 3326 incultis,
308 3266 471 3329 perquam
489 3245 605 3325 aridis,
630 3245 688 3306 vel
705 3247 806 3307 simili
831 3246 929 3309 modo
951 3247 998 3307 la·

0 3354 122 3426 pidosis
145 3349 202 3411 vel
226 3352 392 3428 arenosis,
414 3350 453 3413 de
476 3347 604 3412 rudiori
629 3368 746 3410 arenae
768 3366 912 3432 genere,
943 3349 995 3410 ad·

0 3490 3 3507 =
36 3457 138 3519 odum
159 3452 338 3515 sterilibus.
379 3453 496 3536 Sesqui
516 3441 615 3513 horae
637 3453 817 3513 intervallo
841 3452 893 3511 W
896 3456 995 3511 irco*

6 3580 125 3639 uago
148 3556 268 3627 distans
291 3557 379 3617 infra
408 3552 993 3629 vicum,Vitiltoecltheimensem

10 3660 57 3723 ita
71 3675 133 3724 est.
173 3658 369 3742 Majusculis
385 3657 464 3737 ltine
479 3656 557 3723 inde
571 3658 740 3722 montibus
756 3658 993 3741 distinguitur,

123 3782 125 3786 ’
903 3758 990 3821 mul·
