2370 4276
187 62 880 187 roaranna1A,r0trsrnta
924 70 927 75 ’
967 100 1029 173 575

130 260 198 323 lad.
219 256 258 319 in
274 262 434 339 pratis)
449 260 615 337 pascaris
635 269 668 315 ee
682 246 876 335 pomariis
893 254 1029 336 ulique

135 384 240 423 ΗΘΜ.

128 489 212 546 mdix
231 484 448 565 subrotunda,
469 482 618 564 bulbosa,
640 503 790 563 carnosa,
819 472 941 573 albida,
959 472 1028 545 besl

127 609 172 650 sa.
217 589 327 648 Canles
341 589 472 671 plures,
492 588 670 672 palmares,
691 587 825 669 pedales
838 599 871 647 et
887 583 1032 660 altiores,

126 695 167 766 ti,
198 692 391 773 quandoque
416 693 668 768 decumbentes,
689 689 843 765 fistulosi,
866 687 1029 769 angulati,

125 799 174 870 si,
196 807 340 874 superne
359 795 534 856 dichotomi
553 795 735 855 multiflori.
777 792 867 851 Folia
884 802 1029 852 ternata:

123 894 156 952 lis
179 897 294 959 trifidis
311 900 417 959 inciso
434 929 451 941 -
473 897 613 959 dentatis
633 897 719 958 laete
739 895 900 959 viridibus
921 896 1030 954 utriu-

127 977 275 1074 ¹villosis3
307 994 465 1057 radicalia
491 999 589 1079 longe
614 999 769 1081 petiolata
787 999 822 1059 in
843 997 955 1057 orbem
980 988 1029 1055 di·
1061 1074 1065 1085 ¹

121 1121 150 1174 a,
172 1102 297 1158 carlina
315 1103 462 1162 brevitet
479 1102 637 1185 petiolata
656 1101 797 1175 alterna,
829 1119 946 1158 summa
963 1115 1030 1156 ses·

139 1202 289 1283 digitata:
321 1202 443 1283 foliolis
468 1221 485 1268 2
502 1239 516 1249 -
533 1219 564 1265 et
582 1220 601 1285 3
618 1234 634 1248 —
657 1202 729 1264 fidis
753 1198 1030 1262 subcuneiformi·

132 1304 187 1364 ‘vel
205 1307 409 1388 simplicibus
424 1306 541 1367 lineari
559 1341 573 1351 -
590 1304 789 1371 lanceolatis.
829 1298 947 1360 Pelioli
963 1302 1030 1362 amss

120 1407 259 1482 icaules‚
298 1410 406 1488 pilosi.
454 1394 636 1467 ¹Perlunenli
665 1404 874 1474 terminales,
913 1401 1031 1482 erecti,

115 1513 154 1586 fi,
175 1511 325 1586 uuillen,
349 1511 476 1586 sulcati,
493 1513 614 1572 villosi.
655 1509 770 1590 Phyllea
788 1504 917 1584 villosa,
938 1510 1028 1567 intus

113 1633 138 1688 ι,
177 1615 385 1674 semirelleita.
437 1605 551 1672 Patala
576 1612 768 1694 majuscula,
807 1608 1029 1684 subrotunda,

112 1731 169 1789 rsa,
193 1719 339 1797 integra,
361 1708 517 1798 patentia,
539 1704 646 1795 lutea,
668 1712 887 1798 splendentia.
927 1709 1028 1770 Frue-

111 1832 228 1878 Ναῑοὁ
245 1816 477 1882 subrotundus.
518 1817 644 1880 Semina
661 1822 805 1894 minuta,
826 1817 976 1881 inermia.

108 1970 217 2032 variat
234 1974 320 2026 caule
336 1960 461 2052 digitali
472 1970 625 2051 foliisque
646 1975 749 2054 magis
774 1962 898 2032 villosis
919 1986 955 2033 et
973 1984 1029 2029 ra-

106 2099 109 2112 ›
128 2072 225 2155 plane
248 2073 374 2133 fibrosa.

104 2187 204 2258 Radix
219 2194 396 2276 praecipue
413 2208 529 2257 recens
545 2189 722 2275 acerrima,
743 2198 918 2263 vesicam

102 2318 143 2386 In
161 2321 265 2381 hortis
285 2323 390 2380 variat
407 2321 542 2380 floribus
559 2321 684 2402 plenis.
750 2358 753 2363 -

99 2478 134 2554 B)
157 2474 195 2536 R.
217 2496 358 2553 repens
386 2471 550 2554 calycibus
575 2456 727 2537 hirsutis
736 2472 859 2556 patulis
868 2520 877 2552 ‚
906 2470 1031 2559 'peduna

98 2584 121 2641 is
156 2580 308 2656 sulcatis,
353 2581 527 2640 sarmentis
557 2580 763 2659 repentibus.
823 2576 1030 2641 Krischender

98 2682 252 2764 hnenjitss.

101 2809 155 2887 (L.
170 2822 218 2892 sp.
236 2805 284 2888 pl.
303 2798 352 2867 ed.
371 2797 481 2865 Wlld.
503 2825 537 2886 p.
562 2816 653 2888 1325.
690 2800 803 2880 Ejuscl.
818 2796 938 2867 Elium.
955 2797 977 2869 l.
1002 2828 1030 2873 c.

92 2924 131 2968 rr.
145 2925 215 2986 syn.
233 2909 276 2989 pl.
298 2930 330 2989 p.
350 2925 418 2990 105.
448 2906 568 2988 Hoffm.
586 2908 699 2968 Germ.
714 2929 748 2991 p.
768 2907 839 2991 256.
875 2911 927 2970 De
947 2906 1030 2975 Vnst.

90 3033 133 3073 in.
152 3011 219 3072 bot.
243 3012 266 3073 l.
292 3032 320 3074 c.
362 3010 458 3077 Herb.
482 3011 620 3069 Blackus.
641 3024 666 3074 t.
690 3012 758 3092 31.)

88 3158 173 3202 rann.
196 3136 278 3200 Hor.
301 3130 395 3211 Majo
417 3159 458 3182 ⁶-
478 3127 568 3196 Iulis.

101 3284 200 3343 Hah.
223 3288 262 3344 in
280 3290 437 3362 pratia,
457 3289 588 3366 agria,
610 3288 649 3343 in
670 3286 799 3344 vineis
820 3292 860 3341 et
881 3285 932 3343 ad
950 3303 1028 3346 mu·

89 3387 287 3467 audique,

101 3541 131 3602 E
155 3535 262 3602 radice
289 3541 405 3604 fibrosa
428 3541 589 3621 Sarmenta
613 3539 706 3620 plura
730 3543 877 3621 repentia
900 3544 1030 3622 saepius

81 3647 144 3706 iam
175 3643 371 3722 radicantis,
410 3643 535 3735 loliesa.
580 3642 687 3702 Cauiis
712 3640 835 3725 pedalis
862 3659 895 3704 et
917 3641 1030 3719 altior,

962 3744 1029 3825 gla-
