2370 4276
344 206 727 273 TETRADYNAMIA.
980 209 1019 272 61

54 376 266 450 decumbens,
297 386 403 439 teres,
434 375 585 445 striatus,
621 370 697 450 pilis
723 370 804 430 raris
833 369 1020 450 adspersus,

53 480 243 551 subscaber,
264 492 362 554 supra
375 473 463 534 basin
477 490 619 531 ramosus
638 485 733 550 atque
747 469 890 533 foliosus.
931 472 1021 562 Fqlis

54 584 92 640 in
109 577 265 660 petiolum
283 576 416 654 longum
432 573 652 647 decurrentia,
675 570 868 645 lanceolata,
890 574 1020 648 obtusa,

55 676 244 761 pinnatifida
260 687 314 733 out
327 679 453 733 sinuato
462 705 478 717 ·
489 673 633 744 dentata,
655 676 813 748 segmentis
828 676 949 736 obtusis
963 677 1019 733 in-

54 778 229 858 tegris'out
246 762 406 850 dentatis,
431 793 525 848 supro
541 775 625 832 laete
644 773 757 832 viridia
773 774 895 851 glabra,
916 775 1024 832 subtus

56 879 135 960 pilis
159 880 240 937 raris
263 875 434 955 adspersas
467 857 620 931 radicalia
640 873 801 953 cespidem
828 875 1019 952 formantia,

55 979 179 1036 caudina
196 977 327 1050 alterna.
365 977 492 1031 Rasaemi
506 975 703 1049 terminales,
724 977 898 1055 simplices,
918 975 1019 1057 longi,

54 1079 137 1138 laxi:
166 1077 301 1153 floribus
327 1075 460 1136 alternis
491 1074 726 1164 pedunculatis.
781 1076 875 1156 Calyx
896 1095 1019 1163 ergcto.

56 1192 190 1260 patens,
212 1175 461 1256 pilosiusculus,
501 1176 704 1254 longitudine
731 1179 867 1256 unqium
891 1179 1019 1259 petalo-

56 1296 140 1340 rum.
181 1278 296 1333 Patala
311 1278 418 1354 calyce
435 1276 532 1356 duplo
546 1278 710 1356 longiora,
728 1279 856 1351 obtusa,
883 1281 1019 1354 citrina,

56 1378 175 1434 demum
198 1377 311 1439 albida.
358 1378 490 1458 Siliquae
511 1390 674 1458 patentes,
694 1378 838 1458 glabrae,
859 1399 1021 1460 compres-

56 1476 224 1538 siusculse.
504 1494 506 1500 ’

134 1600 250 1660 Caules
271 1603 372 1675 primo
397 1601 591 1680 plerumque
620 1602 752 1660 omnino
777 1599 1018 1682 decumbentes,

54 1699 124 1758 dein
134 1699 374 1762 adscendentes.
415 1701 500 1760 Hinc
515 1699 623 1778 planta
637 1699 760 1760 intuitu
775 1707 883 1782 primo
901 1707 1018 1767 acaulis

55 1819 126 1862 esse
149 1801 288 1863 videtur.

138 1922 232 1994 Inter
256 1924 337 1996 solis
365 1922 517 1980 radicalia
542 1926 639 1983 etiam
665 1944 766 2005 pauca
787 1927 910 2007 aliquot
935 1929 1018 1991 lato·

55 2036 149 2084 ovata
166 2023 353 2084 subdentata
372 2042 465 2104 saepe
482 2025 703 2107 reperiuntur.

135 2144 248 2205 Affinc
265 2142 477 2224 Sisymbrio
502 2142 721 2210 Erucastro.
762 2147 907 2217 (Pollius.
917 2153 1014 2233 palat.

56 2266 89 2306 n.
107 2244 195 2322 628.)

139 2391 164 2442 s:-
186 2390 446 2472 Sisymbrium
467 2393 691 2450 brevicouls
712 2397 855 2457 caulibus
877 2399 1015 2473 diffusis,

56 2498 144 2559 loliis
162 2497 495 2555 sinuato-runcinatis
516 2493 650 2572 glabris,
676 2496 803 2576 siliquis
826 2506 940 2561 erectis
960 2506 1016 2562 ob·

54 2613 126 2660 tuse
140 2596 314 2680 tetragonis
329 2596 580 2674 subcompressis
592 2595 778 2660 linearibus.

132 2747 241 2824 (Wib.
257 2746 305 2810 Fl.
320 2745 437 2808 worth.
452 2765 485 2824 p.
500 2741 587 2823 348.)

52 2913 137 2977 Ann.
157 2910 238 2968 Hor.
259 2907 455 2974 Maio-lulio.

137 3053 230 3118 Hah.
259 3057 298 3111 in
325 3056 510 3116 arenosis.
555 3053 617 3133 (In
645 3058 729 3136 agris
756 3065 897 3125 arenosis
928 3068 1016 3130 inter

55 3158 220 3234 Kissingsss
231 3169 267 3216 et
284 3152 548 3231 Sisksrshoussen,
568 3176 629 3218 nec
650 3178 717 3219 non
737 3179 849 3223 versus
868 3165 1015 3226 Grama-

55 3257 210 3336 losgbeim
219 3298 238 3335 ,⁴
250 3256 385 3336 alibique
403 3258 558 3334 copiose).

137 3408 241 3467 Ocules
261 3418 317 3466 aut
337 3404 445 3485 potius
462 3402 559 3479 dcapi
573 3405 701 3485 plures,
722 3408 894 3474 altitudine
917 3419 1017 3494 varii,

58 3506 302 3587 1.2.digitales
321 3515 375 3561 aut
402 3504 603 3580 2·lineares,
624 3507 752 3583 diffusi,
774 3511 917 3591 aphylli,
939 3519 1016 3597 pilis

54 3613 135 3672 raris
151 3607 309 3692 adspersi,
329 3609 493 3666 coeterum
509 3604 634 3683 glabri,
653 3609 839 3672 subteretes.
882 3612 968 3676 Folio
982 3622 1017 3683 in

906 3737 976 3780 ces-
