2370 4276
452 231 710 300 nmunnm.
821 186 824 191 ⁴
1059 255 1080 322 3

101 399 226 479 scripta
250 400 345 479 atque¹
370 394 529 459 delineata
551 394 680 477 plantae
707 406 841 456 nostrae·
861 396 955 459 nullo
980 397 1076 463 modo

102 518 259 580 congrua.

165 601 417 662 Observationes
431 601 648 672 continuatae,
660 616 797 658 necnon
810 597 941 678 plantae
959 599 1074 664 dubiae

101 700 229 762 cultura
250 702 385 761 obseura
406 698 535 760 demum
555 697 802 759 collustrabunt.

189 856 388 918 Veronica
409 844 637 916 scutelldt'a.
659 840 719 933 (ΡΙ.
738 856 856 917 wirceb.
870 879 906 937 p.
928 863 993 933 18.)

131 1024 134 1028 ,
183 955 333 1018 Plantula
355 959 391 1016 in
412 956 586 1018 Provincia
608 953 718 1034 bujate
743 959 983 1035 minimemara.
1031 961 1073 1022 In

97 1061 222 1120 nostris
238 1075 316 1118 vero
330 1044 519 1138 regionibus
533 1046 715 1118 borealibus
724 1057 839 1136 majori
851 1063 977 1138 copiam
988 1081 1073 1126 cres·

99 1148 232 1221 centem
243 1159 427 1233 observavi,
450 1178 546 1240 quam
559 1161 596 1218 in
610 1158 861 1221 australioribus.

183 1257 334 1320 Occurrit
342 1260 377 1316 in
388 1260 576 1320 siccioribus
588 1260 674 1317 carde
690 1262 744 1322 vix
756 1257 893 1338 digitali,
914 1262 949 1321 in
964 1259 1072 1323 bumi-

102 1359 152 1421 dis
168 1354 256 1429 vero,
277 1350 453 1439 praebipue
468 1355 631 1436 turiaceis‚
649 1358 842 1440 semipedali
859 1374 893 1422 et
910 1360 1069 1443 longiore,

186 1454 313 1518 Corallis
331 1456 430 1520 etiam
447 1464 526 1522 totis
542 1464 650 1521 niveis
667 1461 790 1521 aveniis
802 1460 975 1542 reperitur.

186 1678 438 1739 Utricularia
460 1679 657 1758 vulgaris.
679 1679 817 1756 (lbrap.
838 1683 904 1762 27.)

181 1781 316 1860 (Hayne
339 1784 376 1841 in
389 1778 518 1842 Schrad.
537 1781 648 1847 Journ.
658 1780 687 1846 Ι.
708 1787 796 1853 1800.
816 1803 850 1864 p.
874 1803 921 1863 17.
944 1800 968 1847 t.
990 1783 1039 1863 6.)

179 1879 293 1942 Planta
309 1900 375 1941 non
393 1879 573 1957 adseram,
593 1884 646 1941 uti
664 1882 803 1948 videtur.
852 1885 1068 1948 Memorabile

100 2000 182 2045 vero
200 1995 268 2057 est,
289 2001 360 2041 eam
381 1986 473 2043 annis
489 1981 678 2063 quibusdam
701 1985 863 2063 copiosius
881 1980 1070 2064 provenire.

102 2082 156 2145 Sic
170 2102 199 2143 e.
220 2101 271 2162 gr.
288 2100 371 2141 anno
392 2085 568 2161 praeterito
590 2088 627 2143 in
645 2082 810 2163 paludosis
831 2083 934 2163 sylvae
957 2084 1070 2143 horch-

101 2182 268 2262 dergiemia
285 2179 423 2243 nimium
445 2197 513 2244 erat
533 2183 701 2264 frequens,
719 2186 778 2246 ubi
799 2184 875 2247 alias
895 2191 951 2249 vix
970 2170 1070 2268 repes

103 2282 224 2345 rienda.

184 2497 212 2553 *ὃ
232 2500 372 2565 Seleia
389 2505 640 2564 corticeum
658 2503 745 2565 foliis
761 2505 898 2569 cordatis
916 2523 1072 2574 crenatoc

104 2598 261 2679 dentatis,
281 2604 457 2665 verticillis
468 2605 658 2666 multifloris
673 2606 844 2683 subnudis,
862 2608 946 2685 stylo
965 2612 1070 2672 corol-

103 2701 152 2766 lae
166 2704 254 2767 labio
269 2705 421 2767 inferiori
437 2706 659 2767 incumbente.

182 2806 245 2885 (L.
262 2824 310 2887 sp.
326 2807 371 2886 pl.
396 2805 448 2870 ed.
465 2804 569 2865 Willd.
591 2805 619 2864 Ι.
636 2823 669 2884 p.
690 2821 758 2886 142.
780 2790 868 2870 Pers.¹
889 2829 959 2888 syn.
977 2812 1021 2889 pl.
1042 2808 1071 2872 Ι.

104 2925 137 2988 p.
155 2904 205 2967 28.
227 2902 358 2972 Sebrad.
379 2907 430 2969 Fl.
454 2925 556 2988 germ.
576 2906 602 2968 1.
623 2924 657 2983 p.
678 2901 750 2980 65.)

104 3025 234 3088 Peterin.
260 3025 340 3094 Flet.
359 3028 620 3106 Iunio-Augusto.

181 3147 279 3208 Bab.
302 3149 352 3206 cd
369 3153 475 3226 vias,
503 3151 544 3206 in
569 3134 752 3211 herbidis.
796 3148 858 3224 (In
884 3164 960 3226 agro
989 3148 1074 3215 cinis,

103 3239 262 3309 strorsum
279 3251 368 3328 juxta
390 3248 478 3309 iiam
498 3266 609 3313 versus
629 3246 788 3307 Gerdrun'n
802 3249 889 3307 inter
910 3245 1072 3321 Trifolium

98 3358 243 3443 pretoriae
267 3352 443 3431 specimina
469 3348 538 3427 5-6
566 3352 754 3430 nuperrime
780 3348 902 3411 detexit
918 3345 988 3408 dil.
1012 3345 1072 3409 Fr.

105 3446 153 3511 Gi
167 3446 241 3525 HJ
973 3446 977 3453 '

184 3566 530 3648 cennerectiusculi,
552 3566 724 3650 tetragoni,
743 3566 921 3655 subvillbsi,
940 3567 1070 3651 pedales

103 3664 157 3728 ub
184 3668 432 3752 sesquipedales.
486 3650 728 3752 Foldu'rug'o'sa',
747 3664 893 3748 villosa,
924 3666 1069 3730 crenato'-

151 3766 156 3777 ⁸
679 3764 732 3826 a*
954 3770 1031 3830 den-
