2370 4276
9 168 127 214 XXXVIH

13 316 145 377 inlusis
164 315 324 379 similibus
342 299 440 377 irrito
461 330 558 397 saepe
580 314 690 375 labore
712 312 1005 394 investigaremus.

16 418 102 479 Heio
120 423 221 480 etiam
235 419 301 481 loci
316 421 409 500 quasi
425 437 486 498 per
501 432 712 481 transennam
728 417 874 494 lectoris,
897 438 1007 498 quum

16 520 127 581 oculos
152 540 219 583 non
243 508 402 602 possim,
430 531 578 580 mentem
596 522 812 600 animumque
836 520 870 579 in
899 520 1007 585 aliurn

16 634 198 698 moutam,
226 640 326 702 quem
354 640 510 680 aureum
534 619 648 681 dicunt
676 619 864 699 (Goldbcrg)
895 621 1008 686 direc-

18 736 91 786 tum
115 727 234 801 velim,
250 706 321 804 'qui
341 743 408 784 non
422 724 530 785 habita
545 723 645 783 etiarn
661 722 852 802 perpulchri
873 727 912 784 in
932 725 1009 787 lon·

21 808 180 915 ging'uum
198 839 391 906 prospectus
407 826 556 900 ratione,
586 823 773 904 plantarum
794 825 840 885 ibi
857 843 1012 889 crescen-

20 935 107 990 tium
126 929 250 988 selectu
270 929 501 989 Botauicorum
525 924 725 1003 diligentiam
749 939 782 986 et
806 927 931 987 sciendi
953 948 1012 991 eu.

22 1031 169 1113 pidinem
183 1048 380 1109 magnopere
394 1030 520 1087 incitat.
563 1027 682 1089 Cuncti
694 1028 756 1105 jam
773 1026 901 1087 adducti
916 1050 1014 1091 mou-

1 1146 90 1203 ¹tes,
124 1134 272 1213 quumvis
296 1149 362 1189 non
391 1132 541 1190 omni‘ex
571 1142 665 1209 parte
702 1122 849 1190 culturae
880 1133 1014 1196 subacti

21 1237 107 1304 sint,
131 1251 197 1290 non
213 1246 321 1292 tamen
341 1228 527 1290 omnimodo
542 1229 670 1292 steriles
685 1241 762 1292 sunt·
773 1217 1013 1311 prospectum-

23 1352 105 1416 que,
142 1332 272 1414 qualom
292 1333 356 1408 jam
383 1330 640 1413 descripsimus,
675 1333 752 1393 hinc
782 1346 879 1412 atque
896 1334 1015 1400 ¹illine

22 1437 190 1516 praebent.
240 1435 364 1495 Eorum
397 1436 504 1514 apices
537 1433 592 1493 vel
620 1437 745 1495 arcibus
773 1447 935 1496 ornantur
959 1439 1017 1499 ad.

23 1537 165 1598 hucdum
178 1536 344 1611 habitatis,
365 1535 420 1595 vel
436 1534 554 1595 rudera
568 1535 679 1596 ferunt
694 1537 818 1597 arcium
833 1536 930 1613 hujus
940 1559 1016 1600 rno-

25 1640 75 1716 di,
97 1658 179 1720 quae
200 1652 349 1718 tempore
369 1637 424 1696 vel
437 1636 517 1698 belli
529 1639 709 1714 monnarii,
732 1637 818 1718 quod
832 1639 882 1716 jus
896 1644 1016 1719 etiarn,

23 1732 144 1822 inepte
160 1742 252 1817 satis,
293 1744 496 1798 manuarium
521 1758 637 1800 vocare
660 1739 823 1820 quondam
843 1738 1019 1820 solebant,

26 1843 83 1904 vel
112 1844 219 1922 gentis
244 1842 384 1902 rusticae
413 1839 630 1903 devastationi
661 1841 875 1902 succubuere.
932 1845 1019 1928 ,Quo

25 1947 128 2006 rarius
151 1944 225 2003 alibi
251 1955 298 2004 est
320 1957 446 2003 certum
470 1938 656 2022 plantarum
680 1962 806 2022 genus,
839 1961 878 2004 eo
908 1940 1021 2024 major

27 2049 126 2110 animi
151 2030 329 2121 recreatis,
363 2043 438 2103 dum
463 2061 697 2126 saepenumero
718 2043 865 2121 lapidum
891 2048 931 2106 in
951 2049 1019 2113 hoc

27 2164 140 2212 monte
164 2148 271 2209 hiatus
291 2149 396 2207 varias
421 2144 520 2226 hujus
544 2149 676 2226 generis
700 2154 824 2227 species
848 2165 1019 2228 praesen.

28 2263 110 2312 tant.

17 2515 26 2524 ,
91 2456 236 2520 Maxima
254 2474 333 2517 vero
351 2469 401 2518 est
421 2457 462 2516 iis
483 2458 520 2516 in
538 2453 678 2515 vallibus
694 2466 726 2514 et
740 2453 939 2535 planitiebus
957 2476 1019 2521 m.

27 2573 121 2623 turae
138 2557 331 2633 liberalitas,
364 2575 445 2637 quae
463 2557 628 2616 montibus
649 2556 816 2638 sylvisque
834 2556 1020 2622 occludun.

27 2673 98 2734 tur,
119 2658 177 2718 vel
198 2663 288 2718 omni
309 2671 454 2738 exparte
475 2656 588 2718 liberis
614 2661 819 2740 apertisque,
847 2658 959 2739 longis
982 2678 1019 2727 et

28 2762 105 2822 latis
130 2761 318 2839 regionibus
345 2756 536 2820 consistunt.
594 2757 692 2840 Varia
721 2774 792 2836 est,
832 2759 884 2819 uti
913 2760 1017 2825 facile

30 2862 179 2941 augurari
200 2861 295 2938 licet,
331 2880 392 2943 pre
414 2863 505 2920 vario
524 2864 592 2922 situ
618 2880 728 2923 earum
749 2861 900 2923 conditio·
935 2861 1018 2933 'Vel

30 2968 120 3025 enim
144 2981 320 3033 arenosae,
353 2962 408 3024 vel
428 2961 612 3044 lapidosas,
647 2963 775 3024 steriles
799 2963 943 3047 solisque
966 2987 1024 3030 ar·-

32 3067 102 3127 dori
121 3065 336 3146 undequaque
356 3071 521 3146 expositae
549 3078 628 3127 sunt
649 3064 786 3145 plagae,
822 3066 878 3128 rel
903 3079 1018 3135 terrae

31 3173 191 3232 insistunt
209 3167 404 3247 Frugiferae,
441 3170 543 3247 magis
559 3170 708 3227 minusve
727 3170 857 3248 pingui,
886 3171 943 3231 ubi
959 3193 1020 3235 va.

29 3276 79 3334 ris
99 3273 304 3331 obsoniorum
321 3270 542 3348 frumentique
562 3288 681 3350 genera
700 3272 899 3331 intermixtis
914 3292 1020 3353 quan.

32 3373 136 3454 doque
164 3373 330 3432 arboribus
358 3370 523 3451 frugiferis
553 3384 586 3431 et
615 3371 793 3433 industriae
825 3371 1019 3451 adjumento

32 3475 318 3559 generosioribus,
357 3487 391 3534 et
415 3475 510 3531 subin
539 3476 637 3535 etiam
659 3476 782 3535 vitibus
807 3479 1020 3555 conspiciun-

29 3591 105 3656 tur,
140 3575 197 3635 vel
214 3576 368 3656 planities
387 3575 529 3636 formant
548 3577 725 3638 minoribus
753 3576 885 3637 frutetis
915 3577 1020 3641 dense

33 3683 207 3756 obductas,
242 3677 299 3739 vel
321 3680 454 3760 pinguia
473 3686 564 3760 prata
585 3678 700 3738 llorum
730 3677 942 3742 multitudine
964 3703 1020 3743 ex·

949 3784 1017 3846 cel·
