2370 4276
112 150 174 235 ⁵7⁶
247 140 989 223 rotuaunnta,eotroru1n

113 316 246 400 glaber,
267 326 429 386 ramosus,
451 304 650 395 plerumque
668 290 915 391 decumbens,
934 316 1072 397 saepiusn

115 416 237 491 dicans,
262 414 466 497 quandoque,
480 418 674 496 praesertim
687 417 728 473 in
742 416 868 493 cultis,
887 432 974 479 totus
988 432 1072 477 erecta

117 514 210 576 Folia
230 518 407 603 petiolata,
428 516 652 598 splendentia,
673 530 841 580 ternata:
868 520 987 598 foliolis
1005 524 1072 603 tripu

114 622 188 683 titis
201 623 315 681 incisis
334 636 427 680 acute
445 620 605 694 dentatis,
626 639 757 677 summa
785 626 1013 703 integerrima.
1043 622 1072 681 l'a

115 722 243 783 dunculi
265 722 474 798 terminales,
496 722 627 797 sulcati,
655 726 778 783 erecti.
827 722 948 799 Phyllea
963 728 1072 807 patentia

114 842 184 888 non
207 824 400 898 retroflexa,
417 808 420 815 ¹
437 836 530 885 extus
547 823 697 902 hirsuta,
728 826 900 889 viridula.
938 828 983 884 Pe
994 826 1072 885 alala

114 934 187 1003 tea,
209 926 331 1004 nitida,
359 928 488 1006 saepius
510 930 733 1007 marginata,
754 940 969 1011 tempestate
989 926 1072 991 hund

116 1045 173 1091 aut
192 1028 343 1110 pluviosa
365 1032 584 1091 conniventia.

176 1150 402 1215 variationem
412 1153 550 1232 floribus
565 1149 684 1230 plenia,
715 1174 809 1234 quae
836 1152 875 1216 in
898 1157 998 1219 hortis
1014 1156 1072 1215 aluo

115 1252 187 1325 dat,
219 1259 318 1318 etiam
340 1264 556 1337 spontaneam
578 1259 614 1317 in
636 1257 743 1336 pratis
767 1259 1003 1341 pinquioribua
1023 1262 1072 1319 cira

114 1352 193 1421 Abi.
220 1350 411 1439 Heiderffeld
437 1378 513 1419 cum
541 1358 600 1422 ill.
620 1354 713 1424 Bar.
736 1358 786 1417 de
808 1362 1072 1443 Bodecketepitt

112 1458 145 1527 le
172 1468 191 1525 '.

146 1485 289 1634 &Planta
306 1576 440 1634 omnino
456 1575 547 1634 mitis
556 1615 566 1649 ,
587 1566 901 1657 submucilaginosa
915 1578 1023 1661 absque
1034 1594 1072 1637 au

112 1675 150 1774 'ni
172 1679 346 1769 acrimonia
367 1691 400 1737 et
421 1676 499 1739 inde
516 1677 554 1737 ab
575 1675 728 1739 affinibus
750 1678 920 1761 pluribus
948 1678 1072 1745 laciledi

111 1776 320 1859 stinquendat

172 1902 209 1983 9)
229 1889 270 1961 lt.
287 1887 588 1983 polyanthemos
610 1902 779 1979 calycibus
809 1898 945 1989 patulis
966 1906 1072 1979 hirnia,

109 2004 305 2090 pedunculis
324 2004 477 2080 sulcatis,
499 2005 589 2066 follis
606 2004 870 2086 multipartitis,
894 2012 988 2073 caule
1002 2024 1072 2075 erecti

110 2108 313 2185 mutuum,
343 2090 451 2169 rante
478 2109 604 2174 aurosa.
646 2108 886 2191 Vaeutumtger
908 2110 1071 2195 nonasp

112 2217 160 2275 W
160 2208 370 2277 aldranunkel.

170 2330 224 2400 (L.
247 2348 295 2408 ap.
319 2325 365 2406 pl.
389 2324 438 2386 ed.
462 2319 573 2384 Willda
599 2320 621 2380 l.
656 2339 683 2383 'ct
747 2322 842 2384 Pers.
874 2346 952 2407 syn.
976 2328 1018 2409 pl.
1039 2324 1072 2387 ll

108 2432 228 2516 Hoffm.
246 2431 357 2492 Germ.
372 2425 394 2489 L
411 2447 428 2487 c
479 2428 530 2486 De
549 2425 631 2523 Vasa.
646 2422 741 2485 Man.
758 2425 832 2489 bot.
847 2451 889 2511 p.
909 2432 994 2513 803.)

106 2533 238 2603 Persen.
261 2538 343 2598 Flur.
363 2538 434 2597 Irin.
455 2534 547 2597 Iulio.

171 2643 267 2717 Hae.
290 2659 330 2713 in
360 2639 528 2712 collibus
555 2641 808 2731 graminosis
839 2662 883 2715 et
905 2662 949 2719 in
969 2672 1072 2721 mouit

107 2764 163 2818 sia
184 2760 432 2837 sylvaticia.,

168 2864 272 2923 Cauiis
288 2864 412 2945 pedalis
429 2878 464 2924 et
488 2864 610 2945 major,
640 2853 778 2943 debilis,
810 2862 982 2951 villosus,
1008 2886 1072 2937 raitu

107 2978 184 3043 sus,
217 2958 378 3044 sulcatus,
412 2981 562 3042 erectus,
600 2967 668 3026 basi
698 2964 912 3055 plerumque
945 2984 1072 3041 int-unu

105 3074 198 3133 Folia
212 3071 342 3146 villosa,
364 3071 540 3131 maculatae
567 3068 724 3126 radicalia
747 3072 782 3133 e't
804 3079 943 3137 casalina
960 3084 1072 3161 insitio

106 3172 304 3236 subrutunda
327 3172 490 3254 profunde
509 3186 559 3249 5·
575 3172 665 3232 lebat
697 3173 774 3230 lobia
796 3176 948 3257 digitato
964 3216 982 3229 ν
998 3185 1071 3245 tuitii

104 3281 208 3358 inciso
233 3309 247 3320 -
274 3276 433 3349 dentatis,
473 3296 615 3351 suprema
639 3277 762 3337 sessilia
788 3282 965 3358 profunde
996 3288 1070 3347 trilni

106 3394 163 3441 aut
182 3379 360 3459 simplicia:
380 3376 457 3435 lobia
479 3378 658 3438 linearibus
676 3384 890 3445 acuminatis.
934 3390 1072 3447 Pedona

103 3481 315 3558 terminales,
336 3482 447 3560 longi,
468 3480 621 3541 sulcato·
634 3480 796 3561 angulati,
828 3494 952 3553 erecti.
995 3490 1072 3569 Pupi

104 3586 269 3666 patentia,
292 3601 309 3641 e
330 3581 425 3643 viridi
448 3583 652 3658 llavicantia,
687 3598 780 3644 extus
802 3588 950 3653 hirsuta.
994 3592 1072 3651 Petal

104 3684 315 3769 rubratunda,
339 3686 465 3764 obtuta,
487 3683 677 3765 majuscula,
696 3686 802 3767 lutea,
824 3692 1049 3771 splendentia.

1002 3818 1072 3881 Ten
