2370 4276
21 72 39 209 δ’
104 119 154 172 tv

108 347 185 409 am,
197 322 315 393 modo
333 342 358 393 a
379 319 551 419 partium
568 321 698 393 studio
725 319 778 395 sit
799 316 975 413 re'mottts,
992 322 1058 416 ulis,

110 487 231 561 qnam
252 464 328 530 hae
350 456 432 555 ipsa
454 458 618 544 visione,
643 479 845 566 tanquum
861 456 983 559 judieii
1000 486 1060 537 ast

108 596 261 674 ferendi
278 598 535 668 fundamento
553 614 688 667 utatur
703 621 713 667 t
737 623 876 706 neque
900 602 1002 675 facile
1022 626 1063 689 et,

117 763 238 835 quam
260 735 302 807 in
335 738 568 807 adornando
586 732 685 807 libro
705 760 799 810 tneo
820 738 934 837 sequi
952 744 1065 813 mede·

114 876 209 948 bete
224 897 274 945 ex
290 872 502 944 rationibus
522 896 762 973 magnopere
774 878 997 975 ponderatis
1007 902 1068 977 pet·

118 1036 275 1087 suasum
294 1009 388 1082 mihi
408 1012 556 1099 fuerat,
575 1010 664 1083 idea
689 1011 898 1088 directrice
916 1018 1069 1091 abutatur

118 1157 169 1225 ad
189 1151 240 1239 id,
260 1170 316 1238 ut,
333 1174 436 1248 quae
458 1149 550 1221 inde
571 1150 783 1239 fluxemnt
803 1155 1071 1229 consectariaet

119 1290 246 1365 veluti
262 1287 476 1376 corollaria,
492 1288 533 1359 in
556 1288 653 1360 libro
671 1314 761 1363 meo
776 1270 932 1393 ubique
948 1294 1072 1395 oonspi·

121 1456 208 1517 cua,
225 1437 442 1501 naevorum
458 1446 498 1499 et
518 1430 781 1527 sphalmatum
802 1434 967 1507 nomine
983 1434 1072 1537 insig-

121 1569 217 1656 niat,
230 1570 294 1641 vel
313 1544 477 1667 insignes
493 1566 631 1639 mentis
651 1572 1075 1650 meaeabenationese·

125 1734 165 1783 se
183 1727 333 1781 statuat.
384 1705 515 1779 Potius
537 1703 635 1803 ejus,
658 1728 706 1781 ut
737 1709 833 1816 dixi,
862 1715 1077 1813 generislee·

123 1871 238 1938 tores,
258 1848 472 1947 qualesque
490 1843 581 1917 boni
602 1842 734 1921 omnei
751 1870 793 1923 et
813 1850 958 1955 integri
977 1850 1080 1954 quali·

125 2010 353 2085 unicunque
381 2008 545 2084 operum
576 1988 642 2060 vel
677 1988 899 2086 opellartnn
924 1998 1083 2067 annue

126 2126 197 2200 sibi
221 2145 408 2225 exoptare
431 2127 575 2199 debent
596 2125 702 2201 votis.
723 2128 930 2221 omnibus,
953 2132 990 2205 id
1014 2128 1086 2203 uni·

127 2292 220 2341 eum
251 2287 343 2339 ante
367 2266 518 2365 reliqua
549 2266 643 2339 mihi
671 2266 906 2367 largientur,
934 2296 996 2345 me
1020 2290 1088 2344 nou

128 2414 228 2480 adeo
250 2432 330 2479 esse
345 2432 474 2479 rerum
494 2407 667 2480 omnium
681 2406 933 2507 imperitum,
957 2426 1000 2483 ut
1017 2407 1090 2510 qui-
1122 2505 1124 2518 Ι

128 2551 200 2622 bus
223 2548 351 2645 patria
374 2571 463 2619 mea
483 2546 655 2647 indigeat
677 2544 928 2619 adminiculis
953 2570 992 2621 et
1012 2548 1092 2649 quid

129 2682 585 2782 diversimodaeejusdem
594 2684 798 2759 relationes
808 2686 986 2789 exigant,
995 2687 1095 2788 quid·

130 2854 182 2903 ve
197 2852 327 2900 rerum
344 2824 674 2899 circumstantium
692 2823 842 2899 indoles
850 2848 895 2899 et
909 2852 1032 2903 nexus
1042 2850 1097 2927 po·

130 2971 258 3053 stulot‚
278 2990 405 3064 aeque
428 2964 544 3038 seiam
567 2990 656 3039 cum
675 2964 1009 3065 ignorantissimis.
1033 2968 1100 3039 Ex·

130 3106 203 3180 teri
223 3129 318 3179 vero
333 3123 372 3176 et
385 3104 553 3177 numeris
571 3106 747 3178 omnibus
759 3106 936 3181 absoluti
954 3107 1011 3181 rei
1025 3112 1101 3181 lter·

24 3307 29 3315 .
54 3225 57 3231 Δ
130 3240 450 3317 bariae-cultores
475 3249 730 3343 doctoresque
751 3247 989 3345 plantarunt
1009 3243 1100 3349 apud

131 3407 201 3455 nos
237 3381 507 3482 indigenarum
533 3384 815 3457 enumerationi
843 3390 1101 3489 adquiescent

129 3540 291 3597 messem
307 3523 499 3623 reliquam
512 3523 727 3600 candidatis
736 3545 776 3599 et
785 3526 1012 3621 tyronibus,
1027 3548 1099 3629 gn·

1057 3682 1098 3740 111
