2370 4276
157 153 215 279 '30
528 192 807 265 naxannam'.

174 361 303 424 Perenn.
327 363 408 421 Flor.
429 361 500 424 lum
519 362 610 426 Iulio.

203 546 211 556 ,
257 484 353 547 Hab.
373 487 412 541 in
433 480 616 546 humidis.
644 459 840 564 (Reperitur
851 503 925 546 cum
936 489 1151 570 praecedente

175 582 291 647 iisdem
312 587 347 644 in
368 583 474 660 locis.)

253 727 358 786 Radix
371 743 509 806 repens,
530 726 640 806 plures
662 725 844 788 culmorum
860 742 893 789 et
913 730 1072 792 foliorum
1090 735 1149 796 ias·

174 826 294 889 siculos
311 831 484 890 sustinens.
526 826 627 885 calmi
645 826 823 907 palmares,
845 830 980 911 pedales
1003 847 1036 892 et
1054 835 1146 894 altio·

171 947 242 997 res,
270 930 391 1003 erecti,
418 926 542 1005 loliosi,
570 926 648 985 basi‘
661 927 843 992 subnodosi.
891 933 985 989 Folia
1010 923 1147 1011 alterna,

175 1043 300 1104 erecta,
328 1030 479 1106 linearia,
515 1032 715 1103 acuminata,
742 1033 977 1109 teretiuscula‚
1012 1034 1146 1095 nodoso·

174 1130 361 1190 articulata:
389 1134 548 1206 superiora
565 1131 815 1211 subcompressa.
867 1131 1014 1208 capitula
1039 1137 1145 1196 subro-

172 1230 295 1306 tunda‚
326 1230 507 1311 paucillora.
565 1231 683 1309 Calyeis
699 1231 814 1310 foliola
843 1233 977 1310 obtusa,
1009 1237 1145 1313 brunes,

173 1334 299 1410 apicem
318 1351 431 1394 versus
453 1331 655 1400 fusco-atra,
675 1332 819 1409 margine
837 1335 1081 1397 membranacea
1095 1336 1142 1396 al·

174 1431 258 1492 bida.
301 1432 434 1510 Capsulc
453 1437 563 1513 nigra,
590 1435 716 1508 nitens,
741 1451 896 1494 mucrone
918 1437 1010 1495 brevi
1031 1439 1141 1509 termi-

173 1547 260 1596 nata.

252 1676 391 1738 Hancet
414 1674 657 1738 antecedentem
681 1679 824 1756 speciem
847 1697 865 1737 a
886 1678 930 1739 el.
954 1679 1139 1741 Praesti.

172 1774 363 1836 sacrator
383 1781 490 1858 primo
511 1777 676 1839 distinctas
699 1775 823 1839 diutius
845 1777 946 1838 adhuc
969 1781 1135 1840 observare

172 1892 344 1959 opportet,
366 1877 519 1940 struendi
529 1881 643 1959 gratia,
663 1899 705 1940 an
722 1871 813 1939 no'tas
830 1878 980 1958 allegatas
993 1895 1133 1941 constan·

171 1995 224 2042 ter
243 1985 428 2051 retineant,
442 1984 632 2060 speciesque
643 1979 719 2039 inde
736 1979 914 2060 peculiares
930 1985 1131 2043 constituant.

170 2080 277 2142 Prima
296 2082 410 2142 saltem
429 2081 639 2142 adstructam
659 2079 918 2159 sylvaticum,
939 2082 1038 2142 altera
1058 2101 1129 2142 vero

172 2181 252 2245 adl.
268 2186 410 2260 aquati
417 2204 498 2240 enm
515 2180 653 2258 accedit,
675 2201 692 2241 a
709 2181 825 2262 quibus
846 2180 985 2242 forsitan
1001 2184 1063 2244 loci
1077 2202 1127 2244 nc·

169 2281 243 2342 talis
260 2281 448 2344 diversitate
468 2296 610 2344 mutatae
631 2281 831 2342 solummodo
849 2284 1015 2346 recedunt.

248 2439 399 2497 Iuncus
416 2438 593 2512 supinus.
611 2432 676 2504 (Εἰ.
697 2435 816 2497 wirceb.
834 2435 861 2499 l.
876 2455 911 2513 p,
926 2435 1011 2518 380.)

247 2562 286 2622 In
303 2556 467 2641 paludosis
481 2556 614 2619 turlosis
625 2557 740 2635 foresti
753 2556 952 2636 kitzingensis
969 2560 1045 2621 hinc
1055 2555 1120 2620 inde
1174 2526 1177 2577 l

167 2683 234 2726 non
253 2661 459 2739 infrequens.

396 2793 397 2796 =
479 2788 825 2809 ..Ἣ

248 2874 390 3002 Peplds
410 2921 592 2980 Portulu.
615 2918 710 2999 (ibid.
723 2942 759 2999 p.
779 2919 868 3002 386.)

245 3047 380 3127 Copiosa
399 3047 435 3104 in
450 3045 504 3101 via
519 3042 668 3117 humida,
690 3062 771 3124 quae
792 3043 883 3106 ducit
901 3063 963 3126 per
976 3046 1116 3126 forestum

162 3143 513 3231 grojsenlanglemiense.
560 3142 602 3203 In
623 3143 715 3219 sylva
736 3148 835 3205 etiam
861 3165 967 3229 prope
987 3148 1118 3226 Bremig,

150 3260 264 3335 ,inque
281 3248 362 3329 agris
376 3245 461 3308 infra
478 3242 529 3300 W
525 3241 655 3323 aldberg
669 3245 803 3307 minime
817 3264 900 3314 rara.

468 3475 818 3503 Μ
