2362 4238
102 154 196 200 XXXV

104 294 342 382 progrediendi
367 295 555 359 facultatem
583 298 759 376 imperiose
778 292 973 379 prohibent,
1009 294 1126 366 mohs*

102 402 226 484 lapides
245 398 341 460 soluti
361 416 394 458 se
415 397 575 471 offerunt,
598 399 702 458 veluti
725 404 929 479 minitantes,
957 423 992 464 se
1011 406 1084 466 'mo-

103 518 217 565 mento
246 502 378 573 eodem,
417 520 481 578 quo
504 518 618 558 eorum
638 521 699 580 ope
724 515 901 584 prorepere
924 506 1084 584 volueris,

104 608 165 668 sub
181 602 318 686 pedibus
334 600 401 661 tuis
422 617 616 663 recessuros.
657 602 730 684 Quo
745 616 851 665 tamen
871 626 936 666 non
955 612 1084 672 obstan·

103 723 137 770 te
160 713 193 767 iu
209 690 307 766 isium
319 696 465 763 hrontem
483 706 626 764 ascensio
642 701 725 764 haud
743 705 839 786 plane
854 711 944 770 inter
964 705 1085 768 aleran

101 808 274 872 reserenda
293 819 358 880 est,
382 819 415 865 et
436 810 495 884 qui
513 800 720 869 difficultates
739 820 772 868 et
790 813 1029 888 periculosum
1046 834 1085 876 ea

100 917 210 994 juncta
224 902 407 987 superavit,
432 927 510 966 eum.
521 927 586 965 non
603 900 728 968 'tantum
744 909 929 972 dulcissima
943 919 1085 997 requies,

101 1014 232 1094 quaein
261 1011 290 1096 d.
314 1009 512 1087 Gangolsa'
535 1007 694 1066 Sacello
718 1031 791 1070 eum
816 1024 1000 1095 exspectat,
1027 1018 1085 1089 sed

103 1119 202 1178 etiam
223 1102 303 1194 aqua
334 1113 583 1193 pretiosissima,
620 1120 715 1192 quam
739 1114 811 1175 sons
834 1120 1025 1180 notissimus
1046 1123 1083 1180 sb

103 1223 219 1278 'eodem
236 1215 353 1277 Sancto
369 1215 616 1292 cognominatus
631 1216 784 1295 praebet,
806 1223 1083 1282 remunerabitur.

84 1311 146 1382 'Et
168 1320 315 1408 quamvis
337 1313 375 1374 M
383 1315 564 1393 alaburgi
589 1318 756 1395 potissima
777 1339 851 1399 pars
880 1304 967 1380 ouda
986 1326 1031 1382 sit
1052 1336 1084 1382 et

102 1422 243 1491 sterilis,
264 1422 478 1497 arborumque
502 1433 534 1478 et
551 1417 773 1498 virgultorum
790 1421 991 1484 solummodo
1014 1420 1084 1505 pi'g·

102 1527 187 1584 maei
215 1540 276 1603 per
304 1539 479 1581 massarum
512 1532 718 1600 petrosarum
751 1536 783 1582 et
809 1517 1084 1589 adcumulatarum

102 1627 210 1687 hiatus
229 1643 323 1704 parce
344 1636 377 1682 et
400 1622 556 1680 laboriose
579 1637 752 1702 penetrare
779 1625 919 1701 soleant,
942 1641 1084 1688 attamen

102 1748 169 1789 non
186 1742 314 1789 tantum
334 1725 462 1806 plantae
479 1726 737 1802 cryptogamicae
757 1729 902 1787 melioris
923 1744 1020 1789 notae
1041 1731 1085 1789 ibt

101 1832 336 1909 reperiuntur,
372 1826 427 1886 sed
458 1839 491 1884 et
515 1823 589 1882 hine
613 1825 689 1884 inde
714 1828 855 1904 ejusdem
887 1831 1083 1893 conditionis

101 1933 231 2013 plantae
247 1930 409 2004 seruales,
432 1931 523 2009 quasi
546 1930 580 1985 in
597 1928 737 1989 hortulis
760 1933 820 1990 sub
845 1933 997 1994 arborum
1017 1942 1083 1994 um'·

102 2034 268 2125 brosarpm
282 2030 407 2106 tutela,
429 2029 594 2089 collectae.
618 2027 675 2105 *)=

164 2240 236 2301 Nec
256 2238 405 2304 oblivisci
427 2255 487 2296 nos
510 2225 642 2317 oportet
662 2240 784 2297 montis
805 2234 1081 2322 Hildburgso-

26 2348 28 2357 ’
103 2347 162 2403 sis
185 2363 258 2404 cum
284 2343 387 2400 ruinis
408 2341 487 2399 arcis
511 2343 635 2399 veteris
659 2337 1083 2416 Hildburg,necm011.

103 2448 145 2505 tis
161 2465 181 2500 a
208 2444 240 2505 S.
266 2442 468 2522 Gaugols'o
491 2442 568 2500 dicti
585 2462 657 2499 cum
676 2442 924 2504 ruinisclaustri
941 2448 1084 2526 pristini,

104 2549 190 2627 quod
217 2548 323 2607 eidem
343 2546 458 2605 Sancto
484 2543 645 2622 quondam
669 2563 795 2603 sacrum
822 2559 909 2621 erat,
932 2547 1083 2631 'denique

103 2654 242 2721 montis,
275 2666 373 2728 quem
399 2643 780 2722 Himmeldankherg
801 2659 937 2723 vocant,
961 2655 1084 2732 quique

101 2756 192 2811 iuter
214 2751 389 2809 altissimos
410 2745 598 2802 Rlzoenae
622 2762 747 2809 montes
775 2738 990 2825 numeratur,
1022 2772 1084 2819 nes

103 2858 190 2911 euim
214 2852 268 2912 vel
287 2849 416 2909 nullum
438 2848 491 2907 vel
511 2851 684 2910 minimum
708 2859 756 2909 est
777 2848 955 2910 eorundem
978 2853 1084 2933 quoad

100 2930 173 3013 rem
192 2954 373 3013 herbariam
396 2964 610 3011 momentum.
861 2958 865 2965 '

971 3032 1080 3163 Quom

101 3232 392 3245 w

133 3342 160 3408 ¹4)
195 3342 271 3393 Juxta
288 3339 386 3407 aliquos
402 3340 465 3406 (vid.
493 3339 589 3391 Bnad
595 3340 716 3392 scholis
738 3340 876 3408 geograph.
894 3339 1016 3395 Laxtcon
1032 3361 1080 3393 voa

165 3430 285 3480 Frankeu
301 3427 331 3480 B.
349 3428 394 3478 111.
413 3445 437 3494 p.
456 3428 522 3493 lira)
553 3427 738 3498 Digitalis
749 3426 969 3506 ferruginea
987 3432 1038 3481 hoo
1055 3434 1080 3480 in

165 3527 254 3566 moute
278 3517 378 3567 crescit.
414 3516 469 3579 Ego
487 3515 590 3581 quidem
615 3532 663 3565 una
688 3514 818 3581 alteraque
836 3515 892 3564 vice
911 3535 968 3567 eum
986 3536 1079 3569 summa

164 3602 243 3653 animi
261 3603 405 3653 intentione
423 3602 480 3667 omri
496 3601 649 3668 perquisivi,
673 3612 700 3653 et
716 3603 811 3664 intuor,
833 3620 888 3653 eam
909 3606 972 3655 mihi
995 3608 1078 3656 fortu-

164 3708 224 3741 nam
241 3691 310 3740 haud
328 3689 465 3756 obtigisse,
495 3699 523 3739 ut
545 3689 615 3739 illam
635 3689 889 3762 ferrugineam
919 3693 1078 3755 invenirem,

163 3779 249 3844 potius
266 3777 430 3847 autbigua
445 3786 543 3832 tautum
562 3778 605 3830 Di
613 3777 705 3853 gital
713 3780 722 3828 i
730 3796 741 3827 s
760 3775 825 3828 mihi
841 3794 871 3828 se
888 3779 994 3833 obtulit.
1033 3848 1039 3857 ’
