2370 4276
1018 144 1089 215 ue

112 300 160 374 Ut
174 310 212 373 de
226 311 297 374 aliis
310 306 583 394 praescindamus,
606 311 706 394 duum
720 310 811 375 nobis
824 312 889 394 jain
904 316 970 378 iton
980 295 1089 392 liceat,

110 432 181 474 esse
206 414 418 496 longioribus.
461 415 537 476 Non
565 434 696 497 possum
722 432 850 494 tamen,
887 419 968 500 quin
997 416 1098 494 lacus

109 535 360 578 commemorem
378 516 758 599 Kleinoehsensurth
774 520 864 581 inter
885 529 920 581 et
938 518 1087 579 Erloolt

107 628 301 697 propterea,
324 620 409 700 quod
427 635 459 682 et
479 622 592 681 ibimet
613 636 645 682 et
665 624 698 682 ln
715 624 828 680 eorum
847 621 969 685 vicinia
982 632 1087 702 aege³

106 721 275 793 tabilium‚
297 738 376 802 quae
392 730 482 784 sua'm
493 724 533 781 o'b
549 723 737 803 qualitatem
750 725 972 793 aestimantur,
994 723 1087 785 alibi·

107 840 172 903 que
190 825 312 883 rariora
325 831 414 899 sunu
432 827 525 904 copia
540 824 594 886 hic
608 822 879 906 deprehendatun
916 823 1010 885 Idem
1021 824 1087 886 ler-

108 942 161 980 me
177 921 348 985 dicendum
365 924 405 986 ds
420 925 548 986 lacubus
563 927 696 988 infossa
717 925 875 1007 oppidano
895 926 1087 1003 Herbipoe·

105 1025 211 1082 lensi
231 1029 463 1106 portasinter,
493 1047 590 1108 quas,
613 1027 748 1090 alteram
763 1026 1023 1091 Pleichacensem
1041 1029 1088 1092 al·

105 1126 212 1188 teram
221 1146 338 1189 novam
355 1145 485 1192 vocant
526 1129 616 1191 Mihi
636 1129 770 1213 quidem
791 1130 888 1192 iosias
907 1130 1088 1213 oppidanae

104 1219 254 1310 pluribus
270 1237 362 1291 anuis
376 1235 538 1295 continuis
555 1250 733 1314 earumque
749 1231 848 1308 lacus,
869 1220 975 1295 lentes
992 1247 1025 1294 et
1040 1236 1086 1295 ri

107 1354 166 1394 vos
182 1334 375 1414 diligentius
386 1337 592 1414 perquirenti
604 1335 692 1413 larga
703 1350 872 1415 nunquam
886 1353 955 1395 non
968 1339 1085 1411 messis

105 1435 242 1516 obtigit,
262 1440 324 1512 ita,
345 1448 385 1496 ut
406 1455 476 1495 mea
495 1437 657 1499 scrutandi
681 1434 838 1516 cupiditas
859 1449 893 1496 et
911 1436 1002 1498 labor
1022 1441 1089 1498 im*

104 1555 224 1618 pensus
248 1537 378 1618 gaudii,
409 1536 496 1620 quod
516 1538 645 1600 rediens
665 1541 829 1620 persennia
859 1538 1084 1619 magnitudine

105 1631 378 1722 compensaretur.
419 1639 556 1700 Cultura
578 1653 687 1701 tamen
713 1659 824 1701 earum
848 1639 1006 1703 fossarum
1028 1655 1085 1704 co&

101 1747 191 1824 piam
211 1743 397 1825 plantarum
419 1745 655 1824 praestantium
677 1746 779 1829 minui
797 1761 892 1804 easve
915 1743 1012 1822 plane
1031 1759 1085 1805 exi·

102 1848 235 1928 stirpari
254 1866 320 1908 non
342 1836 392 1907 est
422 1846 566 1907 eundum
587 1844 732 1923 inficias,
766 1859 800 1906 et
822 1845 884 1907 hoc
904 1845 1012 1905 saltim
1031 1861 1083 1907 re*

103 1964 219 2030 spectu
241 1949 392 2012 dolenter
413 1948 634 2010 referendum.

165 2150 356 2213 Provinciae
375 2153 549 2231 ejusmodi,
577 2133 681 2236 qualia
697 2148 762 2230 es't,
788 2166 828 2214 ut
844 2146 1001 2215 hactenus
1028 2143 1081 2215 dea·

106 2257 315 2334 scripsimus,
336 2255 509 2335 Magnus
530 2272 642 2318 noster
663 2258 859 2333 Duaotur,
880 2256 1082 2337 partimsyl·

101 2357 336 2432 eis-obductae,
357 2361 478 2440 partim
493 2359 655 2417 montibus
668 2359 796 2436 majoris
810 2362 1014 2439 minorisque
1027 2378 1082 2440 ge*

102 2462 192 2520 neris
209 2463 367 2538 tumenti,
389 2473 505 2540 totque
520 2459 649 2534 fluviis,
669 2461 750 2518 rivis
767 2471 801 2520 et
818 2458 957 2522 fontibus
972 2479 1083 2540 perse·

100 2578 206 2639 ustae,
228 2574 289 2623 nec
304 2580 370 2624 non
385 2563 474 2624 lacus
490 2575 523 2622 et
537 2573 648 2640 stagna
660 2565 739 2621 varii
755 2563 886 2641 generis
905 2576 941 2623 et
958 2563 1083 2642 magni·

100 2666 224 2726 tudinis
242 2668 279 2725 in
294 2684 328 2724 se
345 2665 548 2738 continenti,
579 2663 649 2724 loca
664 2683 798 2745 quoque
818 2663 972 2744 paludosa
987 2665 1082 2726 Bata*

99 2752 249 2828 nieorum
261 2785 359 2846 scopo
375 2766 460 2827 haud
478 2765 628 2829 inidonea
639 2765 735 2826 facile
758 2765 868 2827 deesse
884 2787 952 2827 non
968 2785 1081 2849 posse,

99 2873 221 2931 mirum
241 2886 317 2929 sane
341 2888 418 2930 non·
430 2867 527 2929 debet
543 2866 657 2929 videri:
697 2866 843 2929 Maxima
859 2887 971 2929 eorum
989 2886 1083 2950 pers,

101 2985 136 3034 et
153 2989 234 3051 quae
256 2975 470 3032 attentionem
486 2982 631 3031 nostram
653 2971 774 3049 majore
791 2972 863 3049 jure
882 2971 944 3031 sibi
964 2969 1082 3053 depose

99 3087 202 3147 cunt,
240 3073 276 3131 in
299 3073 446 3136 confiniis
467 3069 654 3129 Rhoenae
674 3084 770 3153 atque
794 3075 830 3130 in
849 3076 920 3151 ipsa
944 3076 1082 3152 regione

101 3172 318 3233 novenaria
338 3187 465 3250 «arctant,¹
486 3187 586 3255 prout
601 3175 666 3251 jam
683 3171 747 3232 duo
763 3175 882 3253 majora
894 3174 1080 3255 stagnasub

100 3282 234 3339 nomine
251 3277 307 3338 dea
327 3275 462 3335 rothen
478 3274 548 3336 und
568 3263 794 3334 achisama
813 3275 968 3335 Moarss
987 3295 1080 3338 eom·a

99 3382 360 3440 memoravimus.
419 3378 482 3439 His
515 3378 617 3438 etiam
651 3379 787 3437 remotis
812 3378 868 3439 alii
897 3377 1085 3458 complures¹

100 3482 240 3559 Magni
261 3480 440 3538 Donatus
461 3478 631 3540 districtus
651 3492 684 3539 et
711 3478 847 3560 paludes
873 3478 1026 3539 exhibent
1044 3462 1092 3545 et*

96 3599 192 3668 prata
217 3581 379 3663 paludosa.
419 3581 475 3655 Id,
496 3580 582 3662 quod
601 3582 778 3660 praecipue
797 3580 905 3640 locum
928 3580 1052 3641 habet
1041 3598 1080 3640 ιιι

97 3688 200 3764 sylvis
222 3682 606 3756 Grnmaeltotriana,
629 3681 989 3763 θιιιιιιιόιιμιιιί,
1010 3680 1081 3753 Kiti

974 3792 1094 3856 elene„
