2362 4238
101 14 168 85 nri,

109 164 191 239 uiri·
214 162 377 229 dimidiam
392 169 490 230 inniti
509 178 626 234 eorum
644 165 831 250 adquaesttu
847 179 972 249 partem
986 179 1078 237 exsu-

108 281 235 345 perent.
299 266 472 337 Cannabim
501 283 535 331 et
563 269 682 331 Linum
713 273 862 352 regiones
896 267 1102 329 leeoanus·

107 369 279 449 praecipua
296 370 457 445 ubertate,
479 382 559 450 quae
580 374 738 431 tamenin
751 372 961 433 inferioribus
978 373 1077 433 etiam

108 467 144 528 ad
172 470 327 533 Moenum
346 472 493 552 partibus
513 491 579 531 non
599 475 732 534 omnino
754 471 954 533 desideratur
974 493 1002 536 e.
1025 487 1078 551 gt.

95 569 324 650 'Wieseffrldii
350 569 484 651 aliisque
509 575 544 632 ln
572 574 650 636 locis
678 574 887 655 progignunt.
943 573 1077 635 Trifolii

107 672 304 752 aliarumque
329 669 499 733 herbarum
533 670 735 755 pabularium
762 675 864 735 solers
892 688 925 735 et
950 678 1079 756 copiosa

106 762 232 836 cultura
256 786 475 835 armentorum
498 794 612 855 greges
638 790 704 834 tam
726 792 862 834 numero
886 795 981 854 quam
1007 775 1080 857 pul·

106 874 288 935 cliritudine
310 875 615 938 exceltentesiovet
636 879 818 955 nutritque.
860 875 1078 939 Obsoniorum

106 995 225 1064 genera
240 974 394 1056 pleraque
408 981 529 1053 omnia,
551 992 584 1037 et
599 977 768 1051 arborum,
797 964 879 1056 quae
897 990 965 1036 arte
979 982 1078 1040 etiam

105 1083 138 1138 et
153 1074 315 1138 industria
326 1080 445 1158 passim
464 1078 686 1157 generosiores
709 1090 786 1137 sunt
807 1077 968 1152 redditae,
990 1079 1077 1138 frut-
1120 1072 1126 1082 ’

103 1192 175 1252 tus,
205 1197 317 1259 sapore
335 1197 368 1241 se
391 1178 653 1240 commendantes
674 1184 825 1260 interque
850 1199 903 1241 eos
923 1180 1077 1241 Cerasuni

104 1264 203 1362 idque
221 1283 319 1343 etiam
335 1286 560 1360 apronianum,
583 1291 723 1360 prunum
741 1282 995 1359 Daniascenum,
1017 1302 1078 1362 po·

103 1401 213 1456 mum,
226 1399 372 1460 -pyruru,
392 1383 459 1443 nux
474 1398 507 1444 et
523 1382 617 1462 reliq.
634 1399 771 1462 quorum
790 1401 856 1443 non
869 1386 1003 1442 minima
1026 1389 1076 1446 est'

103 1487 138 1545 in
151 1497 274 1543 exteras
288 1463 437 1563 regiones
451 1482 633 1546 commercii
648 1503 741 1546 causa
762 1487 956 1564 exportatio,
976 1487 1075 1545 uber·

103 1587 164 1646 tim
180 1572 387 1666 feliciterque
408 1585 569 1645 coluntur.
608 1583 641 1647 N
643 1603 678 1646 ec
694 1586 821 1646 solertis
836 1590 886 1646 r'ei
904 1582 1076 1646 Botanica‘e

103 1687 298 1750 scrutatoris
315 1685 441 1747 fallitur
463 1680 648 1766 diligentie;
675 1692 860 1768 passimque
879 1689 913 1745 in
933 1685 972 1742 M
979 1707 1075 1764 agno

103 1791 264 1850 Daiara
282 1788 410 1868 plantae
431 1785 653 1867 hujuscemodi
670 1788 974 1869 deprehenduntur,
997 1807 1075 1868 quar

102 1874 278 1963 morietur,
300 1899 335 1949 ut
349 1889 409 1950 hoc
425 1891 526 1950 verbo
540 1892 621 1953 bona
634 1910 709 1951 cum
726 1895 829 1971 gratia
846 1890 976 1952 lectoris
990 1904 1075 1970 utar,

103 1991 267 2056 hincinde
280 1987 368 2052 inter
383 1993 558 2053 'rarissimas
569 2008 751 2055 numeranti

162 2141 203 2213 In
223 2153 297 2220 iste,
320 2154 417 2230 quam
438 2143 570 2209 natutae
591 2129 773 2229 benigniias
792 2141 857 2209 'tam
877 2135 994 2212 erimio
1016 2159 1074 2211 suo

102 2253 212 2316 labore
230 2254 438 2332 prosequitur
443 2265 467 2321 ῥ’
485 2248 534 2307 W
532 2230 737 2328 ireebuigensi
756 2254 923 2332 provincia
946 2253 1075 2328 majoris

102 2355 281 2417 altitudinis
297 2366 440 2429 montes,
469 2355 533 2414 tiisi
551 2354 619 2412 vinl
640 2351 694 2410 vel
708 2352 949 2410 frumentorum
968 2350 1075 2413 cuttu·

101 2468 155 2518 rae
175 2457 371 2531 inserviant,
390 2453 621 2532 pulcherrimis
637 2453 738 2527 'sylvis
756 2453 1006 2532 nemoribusque
1021 2464 1075 2512 su·-

102 2558 273 2637 perbiunt,
306 2572 371 2615 non
395 2557 548 2623 minimo,
581 2554 619 2611 rit
646 2552 743 2612 facile
765 2567 814 2613 est
835 2553 1073 2631 'eonjectutarei

101 2658 281 2719 incolarum
302 2654 367 2734 ejus
389 2651 623 2735 emolumento.

164 2766 278 2856 Sylvas
309 2774 397 2838 in'te'r
423 2778 591 2836 momento
618 2795 692 2853 suo,
716 2776 802 2858 qu'od
830 2780 879 2836 rei
908 2757 1073 2840 botanicae

100 2876 258 2942 amatores
275 2874 307 2939 e't
324 2876 462 2939 studiosi
477 2873 596 2938 merito
618 2874 658 2938 iis
675 2890 815 2940 statuere
834 2878 971 2957 debent,
993 2886 1073 2941 emi·

102 2996 182 3043 nent
208 2972 392 3061 sequentes·
1075 2971 1081 2983 '

164 3102 402 3183 Guttenbrrgiea
420 3084 545 3163 scilicet
557 3102 641 3163 infra
663 3078 902 3183 Wireeiiurgu'm
923 3103 957 3165 e't
977 3106 1073 3168 unius

102 3191 178 3271 inde
201 3205 300 3267 borae
320 3204 425 3282 spatio
445 3201 586 3283 distans,
620 3203 660 3265 ad
680 3204 847 3267 meridiem
871 3206 1073 3268 occidentem

99 3326 214 3372 versus
231 3310 311 3380 sita,
340 3322 421 3387 quae
441 3303 585 3386 plurium
601 3305 791 3368 milliarium
803 3300 967 3371 ‚ambitum
982 3311 1072 3390 qu'asi

100 3423 241 3473 coronat.
277 3408 317 3481 in
333 3423 370 3466 ea
385 3422 513 3486 magnas
529 3406 606 3468 hinc
626 3407 702 3469 inde
720 3410 886 3470 arboribus
903 3413 1072 3490 virgultis·

101 3530 163 3591 que
181 3526 296 3577 vacuos
318 3506 471 3589 planisio
488 3505 759 3593 deprehenderis,
787 3513 872 3576 sicce
890 3525 924 3575 et
940 3529 1072 3575 arenosa

1009 3609 1071 3674 tel·
