2362 4238
8 133 74 183 xm

74 283 184 348 Inviei
201 287 306 347 'etiem
324 300 342 345 a
357 281 525 344 Batanicis
546 293 718 344 merentur
735 279 789 342 das
810 280 923 340 oiim
944 281 1014 343 und

13 399 150 447 untere
173 382 363 464 Gesprait
384 383 423 446 ad
439 402 539 467 pagos
559 382 861 443 Pross'alslteim
883 395 918 444 et
939 381 1016 443 Bii·
1079 442 1084 449 ,

13 488 225 566 senshcim,
258 488 311 550 die
333 487 473 566 Breit,
505 483 834 550 derSteinbusoIv
854 485 924 581 und
945 487 1030 557 ldi-¹

15 592 69 652 tel
88 612 193 675 prope
218 590 271 650 W
273 587 345 671 ills
346 588 519 673 erslzauss
528 608 570 648 en
579 632 589 666 ,
611 586 695 674 quae
709 588 819 659 omnia
832 592 870 650 in
886 589 1016 667 sylvam

16 697 177 772 majorem
205 709 240 756 et
262 693 396 754 densam
423 690 654 766 coaluerunt,
678 688 863 775 planiorem
887 689 960 753 aliis
981 705 1020 754 et

17 797 157 874 aridam,
186 777 223 858 in
241 816 308 880 qua
328 797 507 878 praecipue
532 797 680 877 gramine
702 806 819 855 notatu
839 804 873 855 et
896 787 1017 855 collec-

15 902 109 964 tione
127 899 225 982 digna
239 910 458 980 procreantur
475 910 510 958 et
528 897 750 958 efflorescunt.
861 882 864 887 ⁴
1040 892 1042 897 ’

84 1066 169 1150 Quas
197 1061 358 1124 hactenus
388 1061 567 1122 extulimus
592 1030 853 1141 praerogativas,
890 1060 1021 1121 easdem

22 1169 145 1227 merito
164 1167 263 1227 etiam
282 1168 342 1226 sibi
362 1165 528 1223 vindicant
552 1162 691 1223 confinia
708 1180 868 1242 pagorum
889 1162 1024 1220 Mein·-

19 1268 237 1344 sonclheim,
283 1268 500 1327 Klein-et
544 1263 943 1350 Grostenlanglzffieim,
986 1277 1021 1326 et

19 1390 102 1451 quae
130 1371 181 1431 his
201 1371 338 1452 propius
362 1370 522 1447 adjacent,
558 1369 672 1452 plagae
699 1365 843 1432 turiosae
869 1380 903 1428 et
929 1370 1021 1430 inter
1052 1360 1055 1365 ’

22 1492 137 1545 omnes
153 1474 230 1534 alias
246 1471 407 1537 forestum
428 1473 717 1550 Kitzingense‚
740 1469 830 1552 quod
850 1469 951 1530 horae
973 1468 1038 1533 di„

20 1573 141 1634 midiae
158 1559 371 1638 intervallum
393 1577 430 1635 ab
448 1577 529 1635 urbe
550 1573 697 1653 ejusdem
719 1574 863 1637 nominis
881 1569 1023 1655 separat,

21 1678 58 1736 in
75 1675 188 1757 plures
203 1692 333 1760 partes,
358 1697 496 1758 quarum
521 1681 639 1757 cuique
662 1695 718 1738 sua
739 1689 789 1736 est
806 1662 949 1756 propria
967 1672 1023 1736 de·

21 1781 225 1860 nominatio,
255 1780 449 1841 distinctum
475 1793 510 1841 ct
533 1798 600 1840 non
615 1798 681 1850 uno
701 1782 738 1839 in
757 1776 829 1839 loco
848 1776 1024 1859 paludibus

23 1879 203 1960 repletum.
243 1882 418 1966 Atqueita
434 1885 540 1948 omnis
561 1880 641 1941 haec
662 1883 756 1962 regio
776 1879 898 1961 plantis
917 1893 1025 1944 aestua

22 1982 197 2044 mobilibus
218 1984 377 2062 abundat,
413 1999 452 2047 ut
474 1986 607 2059 nonnisi
628 1983 760 2064 expleto
780 2001 839 2044 suo
858 1980 1024 2050 desiderio

21 2090 72 2146 rei
85 2074 256 2149 herbariae
273 2087 476 2150 Scrutatores
491 2106 563 2148 eam
578 2088 646 2147 sint
665 2085 830 2148 relicturi.

76 2249 165 2310 *Huc
188 2268 320 2332 quoque
334 2253 493 2332 pertineo
505 2248 599 2329 sylva
612 2251 658 2311 sic
678 2248 762 2310 dicta
785 2246 902 2309 Huch
921 2251 959 2318 iu
975 2251 1026 2313 vi·

26 2355 113 2417 cinia
137 2351 441 2431 Wipseldensi,
473 2353 530 2416 ubi
552 2367 694 2415 castrum
727 2352 1027 2431 Klingenateio
1063 2335 1066 2339 ⁴

17 2459 163 2518 visitur.
205 2457 267 2518 Est
292 2475 329 2517 ea
351 2455 624 2522 nonmcdiocris
650 2454 887 2537 magnitudinis
914 2453 1028 2534 sylva,

26 2560 166 2620 maxima
185 2577 223 2622 ex
243 2572 338 2639 parte
357 2572 526 2633 montosa,
555 2577 664 2639 neque
683 2539 805 2619 tamem
821 2558 959 2623 omnino
981 2556 1030 2619 die

27 2660 197 2721 strictibus
216 2660 322 2740 planis
350 2673 384 2721 et
401 2658 573 2741 paludibus
594 2679 716 2732 vacua,
738 2675 772 2724 et
794 2660 910 2722 umbra
929 2658 1030 2724 refri-

26 2775 163 2843 gerante
180 2761 357 2837 destituta,
390 2777 541 2825 ceterum
565 2781 645 2824 vero
668 2762 788 2844 plantis
810 2765 961 2844 apprime
979 2761 1035 2824 dt·-

27 2884 84 2926 ves
127 2863 181 2926 Ad
206 2884 259 2925 me
284 2864 417 2948 quidem
443 2863 531 2945 quod
563 2869 702 2943 attinet,
733 2848 776 2924 ne
799 2883 866 2927 una
894 2863 1030 2946 quidem

26 2969 100 3028 vice
114 2967 197 3028 hanc
212 2966 340 3044 sylvam
357 2971 504 3028 invisum
526 2967 589 3044 ivi,
613 2969 713 3050 quin,
736 2965 942 3048 diligentiori
961 2965 1030 3029 lec-

26 3083 59 3130 ta
75 3071 340 3153 perquisitione,
363 3067 480 3147 ditior,
503 3087 601 3154 quam
614 3070 790 3148 veneram,
812 3067 970 3133 redirem.

89 3261 243 3324 Summae
272 3238 370 3323 etiam
392 3259 661 3326 considerationis
688 3276 722 3324 et
749 3262 939 3348 compendii
967 3282 1031 3348 pro

24 3366 131 3440 viris,
160 3380 305 3446 quorum
328 3382 420 3426 causa
439 3365 519 3426 haec
543 3365 733 3444 scribimus,
764 3380 819 3430 est
835 3371 945 3433 omnis
966 3373 1030 3430 cir·

26 3487 61 3530 ca
91 3467 266 3550 pristinam
295 3467 470 3530 Abbatiam
500 3465 879 3547 Heidenseldenaem
911 3450 1029 3557 regio,

28 3568 327 3650 Wippseldc'am
356 3572 448 3633 inter
473 3585 506 3632 et
526 3569 853 3651 Suevosurthum
873 3576 947 3634 sita.
986 3570 1030 3632 In

24 3672 161 3738 lacubus
180 3687 214 3738 et
228 3674 326 3740 iotsie
341 3673 584 3758 aqua-repletis
605 3674 649 3737 ibi
673 3673 848 3738 admodum
870 3667 1030 3758 frequen·

929 3776 1029 3853 tibus,
